@article{Blei2003,
author = {Blei, DM and Ng, AY and Jordan, MI},
journal = {Journal of Machine Learning Research},
pages = {993--1022},
title = {{Latent Dirichlet allocation}},
volume = {3},
year = {2003}
}
@article{Chen2009,
address = {New York, New York, USA},
author = {Chen, Ling and Roy, Abhishek},
journal = {CIKM09},
pages = {523},
publisher = {ACM Press},
title = {{Event detection from flickr data through wavelet-based spatial analysis}},
year = {2009}
}
@article{Deerwester1990,
author = {Deerwester, Scott and Dumais, Susan T. and Furnas, George W. and Landauer, Thomas K. and Harshman, Richard},
journal = {JASIST},
number = {6},
pages = {391--407},
title = {{Indexing by latent semantic analysis}},
volume = {41},
year = {1990}
}
@article{Fung2005,
author = {Fung, GPC and Yu, JX and Yu, PS and Lu, Hongjun},
journal = {VLDB05},
pages = {181--192},
title = {{Parameter free bursty events detection in text streams}},
year = {2005}
}
@article{He2007,
address = {New York, New York, USA},
author = {He, Qi and Chang, Kuiyu and Lim, Ee-Peng},
journal = {SIGIR07},
pages = {207},
publisher = {ACM Press},
title = {{Analyzing feature trajectories for event detection}},
year = {2007}
}
@article{Hofmann1999,
author = {Hofmann, Thomas},
journal = {SIGIR99},
pages = {50--57},
title = {{Probabilistic latent semantic indexing}},
year = {1999}
}
@article{Sayyadi2008,
author = {Sayyadi, Hassan and Sahraei, Alireza},
journal = {Advances in Computer Science},
pages = {981--984},
title = {{Event detection from News Articles}},
year = {2009}
}
@inproceedings{Teng2008,
author = {Teng, Chun and Chen, Hsin},
booktitle = {LREC08},
title = {{Event Detection and Summarization in Weblogs with Temporal Collocations}},
year = {2008}
}
@inproceedings{Weng2011,
author = {Weng, Jianshu and Lee, Bu},
booktitle = {Proc. Fifth Intl AAAI Conference on Weblogs and Social Media},
number = {98},
pages = {401--408},
title = {{Event detection in Twitter}},
year = {2011}
}
@article{Yang1998,
author = {Yang, Yiming and Pierce, Tom and Carbonell, Jaime},
journal = {SIGIR98},
pages = {28--36},
title = {{A study of retrospective and on-line event detection}},
year = {1998}
}
@inproceedings{Yi,
author = {Yi, Jeonghee},
booktitle = {IEEE EEE 2005},
pages = {347--352},
title = {{Detecting buzz from time-sequenced document streams}},
year = {2005}
}

@article{Kleinberg2002,
address = {New York, New York, USA},
author = {Kleinberg, Jon},
journal = {SIGKDD02},
pages = {91},
publisher = {ACM Press},
title = {{Bursty and hierarchical structure in streams}},
year = {2002}
}
@article{Lee2001,
author = {Lee, Dd and Seung, Hs},
journal = {Advances in Neural Information Processing Systems},
number = {1},
pages = {556--562},
title = {{Algorithms for non-negative matrix factorization}},
year = {2001}
}

@article{Jones2007,
title = {{Temporal profiles of queries}},
author = {Jones, Rosie and Diaz, Fernando},
journal = {ACM Transactions on Information Systems},
number = {3},
pages = {14--es},
volume = {25},
year = {2007}
}
@misc{Sandhaus2008,
address = {Philadelphia, PA},
author = {Sandhaus, Evan},
publisher = {Linguistic Data Consortium},
title = {{The New York Times Annotated Corpus LDC2008T19}},
year = {2008}
}

