@article{Teevan2009,
author = {Adar, Eytan and Teevan, Jaime and Dumais, Susan T and Elsas, Jonathan L},
file = {:Users/cwillis/Documents/Mendeley Desktop/Adar et al/Unknown/wsdm09-change-camready.pdf:pdf},
isbn = {9781605583907},
keywords = {change,re-finding,web page dynamics},
mendeley-groups = {25 Temporal IR,25 Temporal IR/Query Temporality},
title = {{The Web Changes Everything : Understanding the Dynamics of Web Content}},
year = {2009}
}
@article{Allan2007,
author = {Allan, James},
file = {:Users/cwillis/Documents/Mendeley Desktop/Allan/Unknown/SmuckerAllan-Smoothing-IR548.pdf:pdf},
mendeley-groups = {25 Temporal IR},
pages = {1--34},
title = {{An Investigation of Dirichlet Prior Smoothing â€™ s Performance Advantage}},
year = {2007}
}
@article{Allen1983,
author = {Allen, James F.},
doi = {10.1145/182.358434},
file = {:Users/cwillis/Documents/Mendeley Desktop/Allen/Communications of the ACM/p832-allen.pdf:pdf},
issn = {00010782},
journal = {Communications of the ACM},
mendeley-groups = {25 Temporal IR},
month = nov,
number = {11},
pages = {832--843},
title = {{Maintaining knowledge about temporal intervals}},
url = {http://portal.acm.org/citation.cfm?doid=182.358434},
volume = {26},
year = {1983}
}
@phdthesis{Alonso2008,
author = {Alonso, Omar},
file = {:Users/cwillis/Documents/Mendeley Desktop/Alonso/Unknown/Alonso\_Dissertation(2).pdf:pdf},
mendeley-groups = {25 Temporal IR},
title = {{Temporal Information Retrieval}},
year = {2008}
}
@article{Alonso2011,
author = {Alonso, Omar and Gertz, Michael and Baeza-yates, Ricardo},
file = {:Users/cwillis/Documents/Mendeley Desktop/Alonso, Gertz, Baeza-yates/Unknown/chp\%3A10.1007\%2F978-3-642-24583-1\_4.pdf:pdf},
mendeley-groups = {25 Temporal IR},
pages = {26--31},
title = {{Using Temporal Information}},
year = {2011}
}
@article{Alonso2010,
author = {Alonso, Omar and Gertz, Michael and Baeza-yates, Ricardo},
file = {:Users/cwillis/Documents/Mendeley Desktop/Alonso, Gertz, Baeza-yates/Unknown/chp\%3A10.1007\%2F978-3-642-16321-0\_30.pdf:pdf},
mendeley-groups = {25 Temporal IR},
pages = {290--296},
title = {{Temporal Analysis of Document Collections : Framework and Applications}},
year = {2010}
}
@article{Corp2011,
author = {Alonso, Omar and Str\"{o}tgen, J and Baeza-Yates, RA and Gertz, Michael},
file = {:Users/cwillis/Documents/Mendeley Desktop/Alonso et al/TWAW/TWAW2011-paper1.pdf:pdf},
journal = {TWAW},
keywords = {information retrieval,temporal information},
mendeley-groups = {25 Temporal IR},
pages = {1--8},
title = {{Temporal Information Retrieval: Challenges and Opportunities.}},
url = {ftp://ceur-ws.org/pub/publications/CEUR-WS/Vol-707.zip\#page=9},
volume = {i},
year = {2011}
}
@article{Ammi1903,
author = {Ammi, Charles A Charles},
file = {:Users/cwillis/Documents/Mendeley Desktop/Ammi/Unknown/miun.aey6826.0001.001.pdf:pdf},
mendeley-groups = {25 Temporal IR},
pages = {1837--1903},
title = {{Rules for a printed dictionary catalogue .}},
year = {1903}
}
@article{Amodeo2011,
address = {New York, New York, USA},
author = {Amodeo, Giuseppe and Amati, Giambattista and Gambosi, Giorgio},
doi = {10.1145/2063576.2063868},
file = {:Users/cwillis/Documents/Mendeley Desktop/Amodeo, Amati, Gambosi/Proceedings of the 20th ACM international conference on Information and knowledge management - CIKM '11/p1973-amodeo.pdf:pdf},
isbn = {9781450307178},
journal = {Proceedings of the 20th ACM international conference on Information and knowledge management - CIKM '11},
keywords = {query expansion,relevance distribution,time series},
mendeley-groups = {25 Temporal IR},
pages = {1973},
publisher = {ACM Press},
title = {{On relevance, time and query expansion}},
url = {http://dl.acm.org/citation.cfm?doid=2063576.2063868},
year = {2011}
}
@article{Anick1982,
annote = {Cited by Kleinberg},
author = {Anick, D and Mitra, D and Sondhi, M. M.},
file = {:Users/cwillis/Documents/Mendeley Desktop/Anick, Mitra, Sondhi/Bell System Technical Journal/bstj61-8-1871.pdf:pdf},
journal = {Bell System Technical Journal},
mendeley-groups = {25 Temporal IR},
number = {8},
title = {{Stochastic theory of a data-handling system with multiple sources}},
volume = {61},
year = {1982}
}
@article{Antunes,
author = {Antunes, Cl\'{a}udia M and Oliveira, Arlindo L},
file = {:Users/cwillis/Documents/Mendeley Desktop/Antunes, Oliveira/Unknown/AO.pdf:pdf},
mendeley-groups = {25 Temporal IR},
pages = {1--15},
title = {{Temporal Data Mining : an overview}}
}
@inproceedings{Arikan2009,
author = {Arikan, Irem and Bedathur, S and Berberich, Klaus},
booktitle = {In WSDM},
file = {:Users/cwillis/Documents/Mendeley Desktop/Arikan, Bedathur, Berberich/In WSDM/arikan\_2009\_temporal\_expressions.pdf:pdf},
keywords = {language modeling,temporal information retrieval},
mendeley-groups = {25 Temporal IR},
title = {{Time will tell: Leveraging temporal expressions in ir}},
url = {http://citeseerx.ist.psu.edu/viewdoc/summary?doi=10.1.1.417.7599},
year = {2009}
}
@article{Bakalov,
author = {Bakalov, Anton and Mccallum, Andrew and Mimno, David},
file = {:Users/cwillis/Documents/Mendeley Desktop/Bakalov, Mccallum, Mimno/Unknown/jcdl2012\_bakalov.pdf:pdf},
isbn = {9781450311540},
keywords = {taxonomy annotation,taxonomy browsing,topic modeling},
mendeley-groups = {25 Temporal IR},
title = {{Topic Models for Taxonomies}}
}
@article{Bassara2008,
author = {Bassara, Andrzej},
file = {:Users/cwillis/Documents/Mendeley Desktop/Bassara/Unknown/chp\%3A10.1007\%2F978-3-540-79396-0\_3.pdf:pdf},
keywords = {indexing,information retrieval,machine learning,poral expressions,tem-,temporal indexing,temporal information retrieval},
mendeley-groups = {25 Temporal IR},
pages = {24--35},
title = {{Language Model Based Temporal Information Indexing}},
year = {2008}
}
@article{Beitzel2007,
author = {Beitzel, Steven M and Jensen, Eric C and Chowdhury, Abdur and Frieder, Ophir and Grossman, David},
doi = {10.1002/asi},
file = {:Users/cwillis/Documents/Mendeley Desktop/Beitzel et al/Unknown/beitzel-jasist-2007.pdf:pdf},
mendeley-groups = {25 Temporal IR},
number = {September 2004},
pages = {166--178},
title = {{Temporal Analysis of a Very Large Topically Categorized Web Query Log}},
volume = {2005},
year = {2007}
}
@article{Beitzel2004,
address = {New York, New York, USA},
author = {Beitzel, Steven M. and Jensen, Eric C. and Chowdhury, Abdur and Grossman, David and Frieder, Ophir},
doi = {10.1145/1008992.1009048},
file = {:Users/cwillis/Documents/Mendeley Desktop/Beitzel et al/Proceedings of the 27th annual international conference on Research and development in information retrieval - SIGIR '04/p249-beitzel.pdf:pdf},
isbn = {1581138814},
journal = {Proceedings of the 27th annual international conference on Research and development in information retrieval - SIGIR '04},
keywords = {human factors,measurement,queries representing different topics,query stream,topical categorization of our,using a,we also analyze the},
mendeley-groups = {25 Temporal IR},
pages = {321},
publisher = {ACM Press},
title = {{Hourly analysis of a very large topically categorized web query log}},
url = {http://portal.acm.org/citation.cfm?doid=1008992.1009048},
year = {2004}
}
@article{Beitzel2007a,
author = {Beitzel, Steven M. and Jensen, Eric C. and Lewis, David D. and Chowdhury, Abdur and Frieder, Ophir},
doi = {10.1145/1229179.1229183},
file = {:Users/cwillis/Documents/Mendeley Desktop/Beitzel et al/ACM Transactions on Information Systems/a9-beitzel.pdf:pdf},
issn = {10468188},
journal = {ACM Transactions on Information Systems},
mendeley-groups = {25 Temporal IR},
month = apr,
number = {2},
pages = {9--es},
title = {{Automatic classification of Web queries using very large unlabeled query logs}},
url = {http://portal.acm.org/citation.cfm?doid=1229179.1229183},
volume = {25},
year = {2007}
}
@article{Berberich2013,
author = {Berberich, Klaus},
file = {:Users/cwillis/Documents/Mendeley Desktop/Berberich/Unknown/2013-taia2013a.pdf:pdf},
keywords = {diversity,temporal information retrieval,time},
mendeley-groups = {25 Temporal IR},
pages = {5--8},
title = {{Temporal Diversification of Search Results}},
year = {2013}
}
@inproceedings{Berberich2010,
author = {Berberich, Klaus and Bedathur, Srikanta and Alonso, Omar and Weikum, Gerhard},
booktitle = {ECIR 2010},
file = {:Users/cwillis/Documents/Mendeley Desktop/Berberich et al/Proceedings of the 32Nd European Conference on Advances in Information Retrieval/chp\%3A10.1007\%2F978-3-642-12275-0\_5.pdf:pdf},
keywords = {Temporal},
mendeley-groups = {19A Field Exam,25 Temporal IR},
mendeley-tags = {Temporal},
pages = {13--25},
title = {{A Language Modeling Approach for Temporal Information Needs}},
year = {2010}
}
@article{Berberich2007,
address = {New York, New York, USA},
author = {Berberich, Klaus and Bedathur, Srikanta and Neumann, Thomas and Weikum, Gerhard},
doi = {10.1145/1277741.1277831},
file = {:Users/cwillis/Documents/Mendeley Desktop/Berberich et al/Proceedings of the 30th annual international ACM SIGIR conference on Research and development in information retrieval - SIGIR '07/p519-berberich.pdf:pdf},
isbn = {9781595935977},
journal = {Proceedings of the 30th annual international ACM SIGIR conference on Research and development in information retrieval - SIGIR '07},
keywords = {temporal text indexing,time-travel text search,web archives},
mendeley-groups = {25 Temporal IR},
pages = {519},
publisher = {ACM Press},
title = {{A time machine for text search}},
url = {http://portal.acm.org/citation.cfm?doid=1277741.1277831},
year = {2007}
}
@article{Berberich2005,
author = {Berberich, Klaus and Vazirgiannis, Michalis and Weikum, Gerhard},
doi = {10.1080/15427951.2005.10129110},
file = {:Users/cwillis/Documents/Mendeley Desktop/Berberich, Vazirgiannis, Weikum/Internet Mathematics/euclid.im.1150474885.pdf:pdf},
issn = {1542-7951},
journal = {Internet Mathematics},
mendeley-groups = {25 Temporal IR},
month = jan,
number = {3},
pages = {301--332},
title = {{Time-Aware Authority Ranking}},
url = {http://www.tandfonline.com/doi/abs/10.1080/15427951.2005.10129110},
volume = {2},
year = {2005}
}
@inproceedings{Berger1999,
author = {Berger, Adam and Lafferty, J},
booktitle = {SIGIR '99},
file = {:Users/cwillis/Documents/Mendeley Desktop/Berger, Lafferty/SIGIR '99/irast-final.pdf:pdf},
keywords = {Retrieval models,Translation},
mendeley-groups = {12 SIGIR2014,19A Field Exam,25 Temporal IR,26 Field Exam},
mendeley-tags = {Retrieval models,Translation},
title = {{Information retrieval as statistical translation}},
url = {http://dl.acm.org/citation.cfm?id=312681},
year = {1999}
}
@article{Berlanga2001,
author = {Berlanga, Rafael and P\'{e}rez, Juan and Aramburu, MJ and Llid\'{o}, Dolores},
file = {:Users/cwillis/Documents/Mendeley Desktop/Berlanga et al/Database and Expert \ldots/chp\%3A10.1007\%2F3-540-44759-8\_9.pdf:pdf},
journal = {Database and Expert \ldots},
mendeley-groups = {25 Temporal IR},
pages = {72--81},
title = {{Techniques and tools for the temporal analysis of retrieved information}},
url = {http://link.springer.com/chapter/10.1007/3-540-44759-8\_9},
year = {2001}
}
@inproceedings{Bifet,
author = {Bifet, Albert and Gavald, Ricard},
file = {:Users/cwillis/Documents/Mendeley Desktop/Bifet, Gavald/Unknown/Timevarying.pdf:pdf},
keywords = {Temporal},
mendeley-groups = {25 Temporal IR,19B Field Exam (old)},
mendeley-tags = {Temporal},
title = {{Learning from Time-Changing Data with Adaptive Windowing a}}
}
@article{Blei,
author = {Blei, David M and Mcauliffe, Jon D},
file = {:Users/cwillis/Documents/Mendeley Desktop/Blei, Mcauliffe/Unknown/BleiMcAuliffe2007.pdf:pdf},
mendeley-groups = {25 Temporal IR},
pages = {1--8},
title = {{Supervised topic models}}
}
@inproceedings{Blei2006,
address = {New York, New York, USA},
author = {Blei, David M. and Lafferty, John D.},
booktitle = {Proceedings of the 23rd international conference on Machine learning - ICML '06},
doi = {10.1145/1143844.1143859},
file = {:Users/cwillis/Documents/Mendeley Desktop/Blei, Lafferty/Proceedings of the 23rd international conference on Machine learning - ICML '06/BleiLafferty2006a.pdf:pdf},
isbn = {1595933832},
keywords = {Topic models},
mendeley-groups = {19A Field Exam,25 Temporal IR},
mendeley-tags = {Topic models},
pages = {113--120},
publisher = {ACM Press},
title = {{Dynamic topic models}},
url = {http://portal.acm.org/citation.cfm?doid=1143844.1143859},
year = {2006}
}
@article{Bolour1980,
author = {Bolour, A. and Anderson, T.L. and Dekeyser, L.J. and Wong, H.K.T.},
file = {:Users/cwillis/Documents/Mendeley Desktop/Bolour et al/SIGMOD Letters/p28-bolour.pdf:pdf},
journal = {SIGMOD Letters},
mendeley-groups = {25 Temporal IR},
pages = {28--48},
title = {{The Role of Time in Information Processing: A Survey}},
year = {1980}
}
@article{Broder2002,
author = {Broder, Andrei},
doi = {10.1145/792550.792552},
file = {:Users/cwillis/Documents/Mendeley Desktop/Broder/ACM SIGIR Forum/p3-broder.pdf:pdf},
issn = {01635840},
journal = {ACM SIGIR Forum},
mendeley-groups = {Book Search,00 ASIST 2013 - Book Search,04 HT Test Collection,08 Known Items,25 Temporal IR/Query Temporality},
month = sep,
number = {2},
pages = {3--10},
title = {{A taxonomy of web search}},
url = {http://portal.acm.org/citation.cfm?doid=792550.792552},
volume = {36},
year = {2002}
}
@article{Brown1992,
author = {Brown, Peter E and Pietra, Vincent J Della and Mercer, Robert L and Pietra, Stephen A Della and Lai, Jennifer C},
file = {:Users/cwillis/Documents/Mendeley Desktop/Brown et al/Unknown/p31-brown.pdf:pdf},
mendeley-groups = {25 Temporal IR},
title = {{An Estimate of an Upper Bound for the Entropy of English}},
volume = {10598},
year = {1992}
}
@inproceedings{Campos2012,
author = {Campos, Ricardo and Dias, Ga\"{e}l and Jorge, AM and Nunes, C\'{e}lia},
booktitle = {Proceedings of the 2nd \ldots},
file = {:Users/cwillis/Documents/Mendeley Desktop/Campos et al/Proceedings of the 2nd \ldots/p41-campos.pdf:pdf},
isbn = {9781450311885},
keywords = {dating implicit temporal,queries,temporal information retrieval,temporal query understanding},
mendeley-groups = {25 Temporal IR},
pages = {41--48},
title = {{Enriching temporal query understanding through date identification: how to tag implicit temporal queries?}},
url = {http://dl.acm.org/citation.cfm?id=2169103},
volume = {2010},
year = {2012}
}
@article{Chambers2012,
author = {Chambers, Nathanael},
file = {:Users/cwillis/Documents/Mendeley Desktop/Chambers/Unknown/p98-chambers.pdf:pdf},
mendeley-groups = {25 Temporal IR},
number = {July},
pages = {98--106},
title = {{Labeling Documents with Timestamps : Learning from their Time Expressions}},
year = {2012}
}
@article{Chang2012,
address = {New York, New York, USA},
author = {Chang, Po-Tzu and Huang, Yen-Chieh and Yang, Cheng-Lun and Lin, Shou-De and Cheng, Pu-Jen},
doi = {10.1145/2348283.2348489},
file = {:Users/cwillis/Documents/Mendeley Desktop/Chang et al/Proceedings of the 35th international ACM SIGIR conference on Research and development in information retrieval - SIGIR '12/p1101-chang.pdf:pdf},
isbn = {9781450314725},
journal = {Proceedings of the 35th international ACM SIGIR conference on Research and development in information retrieval - SIGIR '12},
keywords = {temporal features,time sensitive query},
mendeley-groups = {19A Field Exam,25 Temporal IR},
pages = {1101},
publisher = {ACM Press},
title = {{Learning-based time-sensitive re-ranking for web search}},
url = {http://dl.acm.org/citation.cfm?doid=2348283.2348489},
year = {2012}
}
@article{Charikar2004,
author = {Charikar, Moses and Chen, Kevin and Farach-Colton, Martin},
doi = {10.1016/S0304-3975(03)00400-6},
file = {:Users/cwillis/Documents/Mendeley Desktop/Charikar, Chen, Farach-Colton/Theoretical Computer Science/FrequentStream.pdf:pdf},
issn = {03043975},
journal = {Theoretical Computer Science},
mendeley-groups = {25 Temporal IR},
month = jan,
number = {1},
pages = {3--15},
title = {{Finding frequent items in data streams}},
url = {http://linkinghub.elsevier.com/retrieve/pii/S0304397503004006},
volume = {312},
year = {2004}
}
@article{Chen2007,
author = {Chen, Kuan-Yu and Luesukprasert, Luesak and Chou, Seng-cho T.},
doi = {10.1109/TKDE.2007.1040},
file = {:Users/cwillis/Documents/Mendeley Desktop/Chen, Luesukprasert, Chou/IEEE Transactions on Knowledge and Data Engineering/04262533.pdf:pdf},
issn = {1041-4347},
journal = {IEEE Transactions on Knowledge and Data Engineering},
mendeley-groups = {25 Temporal IR},
month = aug,
number = {8},
pages = {1016--1025},
title = {{Hot Topic Extraction Based on Timeline Analysis and Multidimensional Sentence Modeling}},
url = {http://ieeexplore.ieee.org/lpdocs/epic03/wrapper.htm?arnumber=4262533},
volume = {19},
year = {2007}
}
@article{Chen1998,
author = {Chen, Stanley F and Goodman, Joshua},
file = {:Users/cwillis/Documents/Mendeley Desktop/Chen, Goodman/Unknown/chen-goodman-tr-10-98.pdf:pdf},
mendeley-groups = {25 Temporal IR},
number = {August},
title = {{An Empirical Study of Smoothing Techniques for Language Modeling An Empirical Study of Smoothing Techniques for Language Modeling}},
year = {1998}
}
@article{Chien2005,
author = {Chien, Steve and Immorlica, Nicole},
file = {:Users/cwillis/Documents/Mendeley Desktop/Chien, Immorlica/Unknown/p2-chien.pdf:pdf},
isbn = {1595930469},
keywords = {query stream analysis,search engines,semantic similarity},
mendeley-groups = {25 Temporal IR},
pages = {2--11},
title = {{Using Temporal Correlation}},
year = {2005}
}
@article{Chieu2004,
address = {New York, New York, USA},
author = {Chieu, Hai Leong and Lee, Yoong Keok},
doi = {10.1145/1008992.1009065},
file = {:Users/cwillis/Documents/Mendeley Desktop/Chieu, Lee/Proceedings of the 27th annual international conference on Research and development in information retrieval - SIGIR '04/p425-chieu.pdf:pdf},
isbn = {1581138814},
journal = {Proceedings of the 27th annual international conference on Research and development in information retrieval - SIGIR '04},
keywords = {automatic,event and entity tracking,summarization,text data mining,timelines},
mendeley-groups = {25 Temporal IR},
pages = {425},
publisher = {ACM Press},
title = {{Query based event extraction along a timeline}},
url = {http://portal.acm.org/citation.cfm?doid=1008992.1009065},
year = {2004}
}
@article{Childs1999,
author = {Childs, LC and Cassel, David},
file = {:Users/cwillis/Documents/Mendeley Desktop/Childs, Cassel/Proceedings of ACL Workshop/X98-1011.pdf:pdf},
journal = {Proceedings of ACL Workshop},
mendeley-groups = {25 Temporal IR},
pages = {51--56},
title = {{Extracting and normalizing temporal expressions}},
url = {http://books.google.com/books?hl=en\&lr=\&id=7LZog\_58RUIC\&oi=fnd\&pg=PA51\&dq=Extracting+and+normalizing+temporal+expressions\&ots=aduApXsuPw\&sig=DtcQkzTcg\_nmYiuk\_9mT6Ce36-I},
year = {1999}
}
@article{Choi2012,
address = {New York, New York, USA},
author = {Choi, Jaeho and Croft, W. Bruce},
doi = {10.1145/2396761.2398674},
file = {:Users/cwillis/Documents/Mendeley Desktop/Choi, Croft/Proceedings of the 21st ACM international conference on Information and knowledge management - CIKM '12/p2491-choi.pdf:pdf},
isbn = {9781450311564},
journal = {Proceedings of the 21st ACM international conference on Information and knowledge management - CIKM '12},
keywords = {microblogs,query expansion,time-based model},
mendeley-groups = {25 Temporal IR},
pages = {2491},
publisher = {ACM Press},
title = {{Temporal models for microblogs}},
url = {http://dl.acm.org/citation.cfm?doid=2396761.2398674},
year = {2012}
}
@article{Dai,
author = {Dai, Na and Davison, Brian D},
file = {:Users/cwillis/Documents/Mendeley Desktop/Dai, Davison/Unknown/p114-dai.pdf:pdf},
isbn = {9781605588964},
keywords = {temporal link analysis,web fresh-,web search engine},
mendeley-groups = {25 Temporal IR},
pages = {114--121},
title = {{Freshness Matters : In Flowers , Food , and Web Authority}}
}
@article{Dai2011,
author = {Dai, Na and Davison, Brian D and Sci, Computer},
file = {:Users/cwillis/Documents/Mendeley Desktop/Dai, Davison, Sci/Unknown/dai2011.pdf:pdf},
isbn = {9781450307574},
keywords = {freshness ranking,query classification,temporal profiles},
mendeley-groups = {25 Temporal IR},
title = {{Learning to Rank for Freshness and Relevance}},
year = {2011}
}
@article{Dakka2012,
author = {Dakka, Wisam and Gravano, Luis and Ipeirotis, Panagiotis},
doi = {10.1109/TKDE.2010.187},
file = {:Users/cwillis/Documents/Mendeley Desktop/Dakka, Gravano, Ipeirotis/IEEE Transactions on Knowledge and Data Engineering/05590248.pdf:pdf},
isbn = {2009030214},
issn = {1041-4347},
journal = {IEEE Transactions on Knowledge and Data Engineering},
mendeley-groups = {25 Temporal IR},
month = feb,
number = {2},
pages = {220--235},
title = {{Answering General Time-Sensitive Queries}},
url = {http://ieeexplore.ieee.org/lpdocs/epic03/wrapper.htm?arnumber=5590248},
volume = {24},
year = {2012}
}
@article{Dalli2006,
author = {Dalli, Angelo},
file = {:Users/cwillis/Documents/Mendeley Desktop/Dalli/Unknown/W06-0903.pdf:pdf},
mendeley-groups = {25 Temporal IR},
number = {September 2001},
pages = {17--22},
title = {{Automatic Dating of Documents and Temporal Text Classification}},
year = {2006}
}
@inproceedings{DeJong2005,
author = {de Jong, Franciska and Rode, H and Hiemstra, D},
file = {:Users/cwillis/Documents/Mendeley Desktop/de Jong, Rode, Hiemstra/Unknown/db-utwente-433BCEA2.pdf:pdf},
mendeley-groups = {25 Temporal IR},
pages = {1--9},
title = {{Temporal language models for the disclosure of historical text}},
url = {http://eprints.eemcs.utwente.nl/7266/01/db-utwente-433BCEA2.pdf},
year = {2005}
}
@article{Dias2011,
author = {Dias, Ga\"{e}l and Campos, R and Jorge, Al\'{\i}pio},
file = {:Users/cwillis/Documents/Mendeley Desktop/Dias, Campos, Jorge/\ldots on Enriching Information Retrieval of the 34th \ldots/dias-campos-jorge.pdf:pdf},
journal = {\ldots on Enriching Information Retrieval of the 34th \ldots},
mendeley-groups = {25 Temporal IR},
pages = {1--3},
title = {{Future Retrieval : What Does the Future Talk About?}},
url = {http://www.di.ubi.pt/~ddg/publications/sigir-enir2011.pdf},
year = {2011}
}
@article{Diaz2005,
address = {New York, New York, USA},
author = {Diaz, Fernando},
doi = {10.1145/1099554.1099722},
file = {:Users/cwillis/Documents/Mendeley Desktop/Diaz/Proceedings of the 14th ACM international conference on Information and knowledge management - CIKM '05/cikm2005.pdf:pdf},
isbn = {1595931406},
journal = {Proceedings of the 14th ACM international conference on Information and knowledge management - CIKM '05},
keywords = {manifold learning,pseudo-relevance feedback,regularization},
mendeley-groups = {25 Temporal IR},
pages = {672},
publisher = {ACM Press},
title = {{Regularizing ad hoc retrieval scores}},
url = {http://portal.acm.org/citation.cfm?doid=1099554.1099722},
year = {2005}
}
@article{Diaz2009,
address = {New York, New York, USA},
author = {Diaz, Fernando},
doi = {10.1145/1498759.1498825},
file = {:Users/cwillis/Documents/Mendeley Desktop/Diaz/Proceedings of the Second ACM International Conference on Web Search and Data Mining - WSDM '09/p182-diaz (1).pdf:pdf},
isbn = {9781605583907},
journal = {Proceedings of the Second ACM International Conference on Web Search and Data Mining - WSDM '09},
keywords = {click prediction,distributed information retrieval,news search},
mendeley-groups = {25 Temporal IR},
pages = {182},
publisher = {ACM Press},
title = {{Integration of news content into web results}},
url = {http://portal.acm.org/citation.cfm?doid=1498759.1498825},
year = {2009}
}
@article{Diaz2004,
address = {New York, New York, USA},
author = {Diaz, Fernando and Jones, Rosie},
doi = {10.1145/1008992.1008998},
file = {:Users/cwillis/Documents/Mendeley Desktop/Diaz, Jones/Proceedings of the 27th annual international conference on Research and development in information retrieval - SIGIR '04/ir-336.pdf:pdf},
isbn = {1581138814},
journal = {Proceedings of the 27th annual international conference on Research and development in information retrieval - SIGIR '04},
keywords = {clarity,language models,precision prediction,time},
mendeley-groups = {25 Temporal IR},
number = {1},
pages = {18},
publisher = {ACM Press},
title = {{Using temporal profiles of queries for precision prediction}},
url = {http://portal.acm.org/citation.cfm?doid=1008992.1008998},
year = {2004}
}
@article{Dietz2013,
author = {Dietz, Laura and Dalton, Jeffrey},
file = {:Users/cwillis/Documents/Mendeley Desktop/Dietz, Dalton/Unknown/taia2013-cameraready.pdf:pdf},
keywords = {cumulative citation recommendation,eration,information filtering,knowledge base accel-,time-aware evaluation},
mendeley-groups = {25 Temporal IR},
title = {{Time-aware Evaluation of Cumulative Citation Recommendation Systems Example Application : TREC KBA}},
year = {2013}
}
@article{Dissertation2006,
author = {Dissertation, A},
file = {:Users/cwillis/Documents/Mendeley Desktop/Dissertation/Unknown/thesis copy.pdf:pdf},
mendeley-groups = {25 Temporal IR},
number = {August},
title = {{INTER-DOCUMENT SIMILARITIES , LANGUAGE MODELS , AND AD HOC INFORMATION RETRIEVAL}},
year = {2006}
}
@article{Dong2010,
author = {Dong, Anlei and Bai, Jing and Zhang, Ruiqiang and Buchner, Karolina and Liao, Ciya and Diaz, Fernando and Storage, H Information and Search, Retrieval Information},
file = {:Users/cwillis/Documents/Mendeley Desktop/Dong et al/Unknown/p11-dong.pdf:pdf},
isbn = {9781605588896},
keywords = {features,recency modeling,recency ranking,recency sensitive query classification,temporal},
mendeley-groups = {25 Temporal IR},
pages = {11--20},
title = {{Towards Recency Ranking in Web Search}},
year = {2010}
}
@article{Ebina2011,
author = {Ebina, Ryohei and Nakamura, Kenji and Oyanagi, Shigeru},
doi = {10.1109/ICTAI.2011.177},
file = {:Users/cwillis/Documents/Mendeley Desktop/Ebina, Nakamura, Oyanagi/2011 IEEE 23rd International Conference on Tools with Artificial Intelligence/06103468.pdf:pdf},
isbn = {978-1-4577-2068-0},
journal = {2011 IEEE 23rd International Conference on Tools with Artificial Intelligence},
keywords = {-burst detection,data min-,data stream,real-time},
mendeley-groups = {25 Temporal IR},
month = nov,
pages = {1040--1046},
publisher = {Ieee},
title = {{A Real-Time Burst Detection Method}},
url = {http://ieeexplore.ieee.org/lpdocs/epic03/wrapper.htm?arnumber=6103468},
year = {2011}
}
@article{Efron2010,
author = {Efron, Miles},
doi = {10.1002/asi},
file = {:Users/cwillis/Documents/Mendeley Desktop/Efron/Unknown/21315\_ftp.pdf:pdf},
keywords = {Retrieval models,Temporal},
mendeley-groups = {19A Field Exam,25 Temporal IR},
mendeley-tags = {Retrieval models,Temporal},
number = {7},
pages = {1299--1312},
title = {{Linear Time Series Models for Term Weighting}},
volume = {61},
year = {2010}
}
@inproceedings{Efron2013,
address = {New York, New York, USA},
author = {Efron, Miles},
booktitle = {Proceedings of the 36th international ACM SIGIR conference on Research and development in information retrieval (SIGIR '13},
doi = {10.1145/2484028.2484054},
file = {:Users/cwillis/Documents/Mendeley Desktop/Efron/Proceedings of the 36th international ACM SIGIR conference on Research and development in information retrieval (SIGIR '13/p383-efron.pdf:pdf},
isbn = {9781450320344},
keywords = {book search,digital libraries,information retrieval,temporality},
mendeley-groups = {00 ASIST 2013 - Book Search,25 Temporal IR},
pages = {383--392},
publisher = {ACM Press},
title = {{Query representation for cross-temporal information retrieval}},
url = {http://dl.acm.org/citation.cfm?doid=2484028.2484054},
year = {2013}
}
@article{Efron2012,
author = {Efron, Miles},
file = {:Users/cwillis/Documents/Mendeley Desktop/Efron/Unknown/efrontemporalwsv02 (1).pdf:pdf},
keywords = {information retrieval,microblogs,temporal ir,twitter},
mendeley-groups = {25 Temporal IR},
number = {2},
pages = {2--5},
title = {{Query-Specific Recency Ranking : Survival Analysis for Improved Microblog Retrieval}},
year = {2012}
}
@article{Efron2010a,
author = {Efron, Miles},
file = {:Users/cwillis/Documents/Mendeley Desktop/Efron/Journal of the American Society for Information \ldots/efron-timeSeries.pdf:pdf},
journal = {Journal of the American Society for Information \ldots},
mendeley-groups = {25 Temporal IR},
pages = {1--22},
title = {{Linear Time Series Models for Term Weighting in Information Retrieval}},
url = {http://onlinelibrary.wiley.com/doi/10.1002/asi.21315/full},
year = {2010}
}
@article{Efron2011,
address = {New York, New York, USA},
author = {Efron, Miles and Golovchinsky, Gene},
doi = {10.1145/2009916.2009984},
file = {:Users/cwillis/Documents/Mendeley Desktop/Efron, Golovchinsky/Proceedings of the 34th international ACM SIGIR conference on Research and development in Information - SIGIR '11/p495-efron.pdf:pdf},
isbn = {9781450307574},
journal = {SIGIR 2011},
keywords = {information retrieval,microblogs,ranking algorithms,time},
mendeley-groups = {25 Temporal IR},
pages = {495},
publisher = {ACM Press},
title = {{Estimation methods for ranking recent information}},
url = {http://portal.acm.org/citation.cfm?doid=2009916.2009984},
year = {2011}
}
@article{Efron2014,
author = {Efron, Miles and Lin, Jimmy and He, Jiyin and Vries, Arjen De},
file = {:Users/cwillis/Documents/Mendeley Desktop/Efron et al/umiacs.umd.edu/p33-efron.pdf:pdf},
isbn = {9781450322577},
journal = {umiacs.umd.edu},
keywords = {cluster hypothesis,rele-,temporal clustering},
mendeley-groups = {25 Temporal IR},
pages = {33--42},
title = {{Temporal Feedback for Tweet Search with Non-Parametric Density Estimation}},
url = {http://www.umiacs.umd.edu/~jimmylin/publications/Efron\_etal\_SIGIR2014.pdf},
year = {2014}
}
@article{Elsas2010,
address = {New York, New York, USA},
author = {Elsas, Jonathan L. and Dumais, Susan T.},
doi = {10.1145/1718487.1718489},
file = {:Users/cwillis/Documents/Mendeley Desktop/Elsas, Dumais/Proceedings of the third ACM international conference on Web search and data mining - WSDM '10/wsdm2010-contentchangeinranking\_final.pdf:pdf},
isbn = {9781605588896},
journal = {Proceedings of the third ACM international conference on Web search and data mining - WSDM '10},
keywords = {temporal change,versioned documents,web search},
mendeley-groups = {25 Temporal IR},
pages = {1},
publisher = {ACM Press},
title = {{Leveraging temporal dynamics of document content in relevance ranking}},
url = {http://portal.acm.org/citation.cfm?doid=1718487.1718489},
year = {2010}
}
@article{Elsayed2008,
author = {Elsayed, Tamer and Lin, Jimmy and Oard, Douglas W},
file = {:Users/cwillis/Documents/Mendeley Desktop/Elsayed, Lin, Oard/Unknown/acl08elsayed2.pdf:pdf},
mendeley-groups = {25 Temporal IR},
number = {June},
pages = {265--268},
title = {{Pairwise Document Similarity in Large Collections with MapReduce}},
year = {2008}
}
@article{Fang2004,
address = {New York, New York, USA},
author = {Fang, Hui and Tao, Tao and Zhai, ChengXiang},
doi = {10.1145/1008992.1009004},
file = {:Users/cwillis/Documents/Mendeley Desktop/Fang, Tao, Zhai/Proceedings of the 27th annual international conference on Research and development in information retrieval - SIGIR '04/sigir04.pdf:pdf},
isbn = {1581138814},
journal = {Proceedings of the 27th annual international conference on Research and development in information retrieval - SIGIR '04},
keywords = {Axiomatic,Retrieval models,constraints,formal models,retrieval heuristics,tf-idf weight-},
mendeley-groups = {19A Field Exam,25 Temporal IR},
mendeley-tags = {Axiomatic,Retrieval models},
pages = {49},
publisher = {ACM Press},
title = {{A formal study of information retrieval heuristics}},
url = {http://portal.acm.org/citation.cfm?doid=1008992.1009004},
year = {2004}
}
@article{Frommeyer2004,
author = {Frommeyer, Jutta},
file = {:Users/cwillis/Documents/Mendeley Desktop/Frommeyer/Library resources \& technical services/fulltext.pdf:pdf},
journal = {Library resources \& technical services},
mendeley-groups = {25 Temporal IR},
number = {3},
pages = {199--212},
title = {{Chronological Terms and Period Subdivisions in LCSH, RAMEAU, and RSWK}},
url = {http://alcts.metapress.com/index/Q443KR37P10M0550.pdf},
volume = {48},
year = {2004}
}
@article{Fung2005,
author = {Fung, GPC and Yu, JX and Yu, PS and Lu, Hongjun},
file = {:Users/cwillis/Documents/Mendeley Desktop/Fung et al/\ldots of the 31st international conference on \ldots/p181-fung.pdf:pdf},
journal = {\ldots of the 31st international conference on \ldots},
mendeley-groups = {25 Temporal IR},
pages = {181--192},
title = {{Parameter free bursty events detection in text streams}},
url = {http://dl.acm.org/citation.cfm?id=1083616},
year = {2005}
}
@article{Good1953,
annote = {Basis of smoothing
Good-Turing
Focus on animals, but applied to languages
Cites Zipf, Shannon and Jeffreys},
author = {Good, IJ},
file = {:Users/cwillis/Documents/Mendeley Desktop/Good/Biometrika/GoodTuring1953.pdf:pdf},
journal = {Biometrika},
mendeley-groups = {Book Search,19A Field Exam,25 Temporal IR},
number = {3/4},
pages = {237--264},
title = {{The population frequencies of species and the estimation of population parameters}},
url = {http://onlinelibrary.wiley.com/doi/10.1002/cbdv.200490137/abstract http://biomet.oxfordjournals.org/content/40/3-4/237.short},
volume = {40},
year = {1953}
}
@article{Han2004,
author = {Han, Benjamin and Lavie, Alon},
doi = {10.1145/1017068.1017070},
file = {:Users/cwillis/Documents/Mendeley Desktop/Han, Lavie/ACM Transactions on Asian Language Information Processing/p11-han.pdf:pdf},
issn = {15300226},
journal = {ACM Transactions on Asian Language Information Processing},
mendeley-groups = {25 Temporal IR},
month = mar,
number = {1},
pages = {11--32},
title = {{A framework for resolution of time in natural language}},
url = {http://portal.acm.org/citation.cfm?doid=1017068.1017070},
volume = {3},
year = {2004}
}
@article{He,
author = {He, Dan and Parker, D Stott},
file = {:Users/cwillis/Documents/Mendeley Desktop/He, Parker/Unknown/p443-he.pdf:pdf},
isbn = {9781450300551},
keywords = {burst,hierarchy,momentum,pubmed,topic dynamic},
mendeley-groups = {25 Temporal IR},
pages = {443--452},
title = {{Topic Dynamics : An Alternative Model of â€˜ Bursts â€™ in Streams of Topics âˆ— Categories and Subject Descriptors}}
}
@article{He2009,
author = {He, Qi and Chen, Bi and Giles, C Lee},
file = {:Users/cwillis/Documents/Mendeley Desktop/He, Chen, Giles/Unknown/CIKM2009-topic-evolution-citations.pdf:pdf},
isbn = {9781605585123},
keywords = {citations,inheritance topic model,topic evolution},
mendeley-groups = {25 Temporal IR},
pages = {957--966},
title = {{Detecting Topic Evolution in Scientific Literature : How Can Citations Help ?}},
year = {2009}
}
@article{Xerox,
author = {Hearst, Marti A. and Pederson, Jan O.},
file = {:Users/cwillis/Documents/Mendeley Desktop/Hearst, Pederson/Unknown/p76-hearst.pdf:pdf},
mendeley-groups = {25 Temporal IR},
pages = {76--84},
title = {{Reexamining Scatter / Gather the Cluster Hypothesis : Results on Retrieval}}
}
@article{Hirschman1980,
author = {Hirschman, Lynette},
file = {:Users/cwillis/Documents/Mendeley Desktop/Hirschman/Unknown/irr\_p154-hirschman\_1981.pdf:pdf},
mendeley-groups = {25 Temporal IR},
pages = {154--171},
title = {{Retrieving time information from natural- language texts}},
year = {1980}
}
@article{Hobbs2004,
author = {Hobbs, Jerry R. and Pan, Feng},
doi = {10.1145/1017068.1017073},
file = {:Users/cwillis/Documents/Mendeley Desktop/Hobbs, Pan/ACM Transactions on Asian Language Information Processing/hobbs-pan-TALIP.pdf:pdf},
issn = {15300226},
journal = {ACM Transactions on Asian Language Information Processing},
mendeley-groups = {25 Temporal IR},
month = mar,
number = {1},
pages = {66--85},
title = {{An ontology of time for the semantic web}},
url = {http://portal.acm.org/citation.cfm?doid=1017068.1017073},
volume = {3},
year = {2004}
}
@article{Jardine1971,
author = {Jardine, N and van Rijsbergen, CJ},
file = {:Users/cwillis/Documents/Mendeley Desktop/Jardine, Rijsbergen/Information storage and retrieval/1-s2.0-0020027171900519-main.pdf:pdf},
journal = {Information storage and retrieval},
mendeley-groups = {25 Temporal IR},
pages = {217--240},
title = {{The use of hierachic clustering in information retrieval}},
url = {http://www.sciencedirect.com/science/article/pii/0020027171900519},
volume = {7},
year = {1971}
}
@article{Jatowt2005,
author = {Jatowt, Adam and Kawai, Yukiko and Tanaka, Katsumi},
file = {:Users/cwillis/Documents/Mendeley Desktop/Jatowt, Kawai, Tanaka/Unknown/chp\%3A10.1007\%2F11581062\_4.pdf:pdf},
mendeley-groups = {25 Temporal IR},
pages = {43--52},
title = {{LNCS 3806 - Temporal Ranking of Search Engine Results}},
year = {2005}
}
@article{Joho2014,
author = {Joho, Hideo and Jatowt, Adam and Blanco, Roi},
file = {:Users/cwillis/Documents/Mendeley Desktop/Joho, Jatowt, Blanco/Unknown/01-NTCIR11-OV-TEMPORALIA-JohoH.pdf:pdf},
keywords = {evaluation,mation access,temporal infor-,temporal information retrieval,test collections},
mendeley-groups = {25 Temporal IR},
pages = {429--437},
title = {{Overview of NTCIR-11 Temporal Information Access ( Temporalia ) Task}},
year = {2014}
}
@misc{Jones2007,
author = {Jones, Rosie and Diaz, Fernando},
booktitle = {ACM Transactions on Information Systems},
doi = {10.1145/1247715.1247720},
file = {:Users/cwillis/Documents/Mendeley Desktop/Jones, Diaz/ACM Transactions on Information Systems/a14-jones.pdf:pdf},
issn = {10468188},
mendeley-groups = {25 Temporal IR},
month = jul,
number = {3},
pages = {14--es},
title = {{Temporal profiles of queries}},
url = {http://portal.acm.org/citation.cfm?doid=1247715.1247720},
volume = {25},
year = {2007}
}
@article{Kalczynski2005,
author = {Kalczynski, Pawel Jan and Chou, Amy},
doi = {10.1016/j.ipm.2004.01.002},
file = {:Users/cwillis/Documents/Mendeley Desktop/Kalczynski, Chou/Information Processing \& Management/1-s2.0-S0306457304000044-main.pdf:pdf},
issn = {03064573},
journal = {Information Processing \& Management},
keywords = {document retrieval,fuzzy numbers,temporal expressions,temporal retrieval,vector space model},
mendeley-groups = {25 Temporal IR},
month = may,
number = {3},
pages = {635--650},
title = {{Temporal Document Retrieval Model for business news archives}},
url = {http://linkinghub.elsevier.com/retrieve/pii/S0306457304000044},
volume = {41},
year = {2005}
}
@book{Kanhabua2012b,
author = {Kanhabua, Nattiya},
file = {:Users/cwillis/Documents/Mendeley Desktop/Kanhabua/Unknown/nattiya\_thesis.pdf:pdf},
isbn = {9788247132647},
mendeley-groups = {25 Temporal IR},
title = {{Time-aware Approaches to Information Retrieval Nattiya Kanhabua Time-aware Approaches to Information Retrieval Thesis for the degree of Philosophiae Doctor}},
volume = {7},
year = {2012}
}
@article{Kanhabua2012a,
address = {New York, New York, USA},
author = {Kanhabua, Nattiya and Berberich, Klaus and N\o rv\aa g, Kjetil},
doi = {10.1145/2348283.2348488},
file = {:Users/cwillis/Documents/Mendeley Desktop/Kanhabua, Berberich, N\o rv\aa g/Proceedings of the 35th international ACM SIGIR conference on Research and development in information retrieval - SIGIR '12/SIGIR2012.pdf:pdf},
isbn = {9781450314725},
journal = {Proceedings of the 35th international ACM SIGIR conference on Research and development in information retrieval - SIGIR '12},
keywords = {a temporal query,and a temporal part,and temporal expressions,d,d time composed of,denoted contenttime,its publica-,mentioned in d,t 1,t k,temporal queries,time-aware ranking prediction,tion time pubtime,words},
mendeley-groups = {25 Temporal IR},
pages = {1099},
publisher = {ACM Press},
title = {{Learning to select a time-aware retrieval model}},
url = {http://dl.acm.org/citation.cfm?doid=2348283.2348488},
year = {2012}
}
@article{Kanhabua2008,
author = {Kanhabua, Nattiya and N\o rv\aa g, K},
file = {:Users/cwillis/Documents/Mendeley Desktop/Kanhabua, N\o rv\aa g/Research and Advanced Technology for Digital \ldots/Improving Temporal Language Models for Determining Time for Non-Timestamped Documents.pdf:pdf},
journal = {Research and Advanced Technology for Digital \ldots},
mendeley-groups = {25 Temporal IR},
title = {{Improving temporal language models for determining time of non-timestamped documents}},
url = {http://link.springer.com/chapter/10.1007/978-3-540-87599-4\_37},
year = {2008}
}
@article{Kanhabua2012,
address = {New York, New York, USA},
author = {Kanhabua, Nattiya and N\o rv\aa g, Kjetil},
doi = {10.1145/2396761.2398667},
file = {:Users/cwillis/Documents/Mendeley Desktop/Kanhabua, N\o rv\aa g/Proceedings of the 21st ACM international conference on Information and knowledge management - CIKM '12/CIKM2012\_LTR.pdf:pdf},
isbn = {9781450311564},
journal = {Proceedings of the 21st ACM international conference on Information and knowledge management - CIKM '12},
keywords = {a probabilistic model generating,a query from the,and 2,idi,no,noervaag,ntnu,parts of documents independently,similarity,temporal queries,textual and the temporal,time-aware ranking models},
mendeley-groups = {25 Temporal IR},
pages = {2463},
publisher = {ACM Press},
title = {{Learning to rank search results for time-sensitive queries}},
url = {http://dl.acm.org/citation.cfm?doid=2396761.2398667},
year = {2012}
}
@article{Kanhabua2011,
address = {New York, New York, USA},
author = {Kanhabua, Nattiya and N\o rv\aa g, Kjetil},
doi = {10.1145/2009916.2010147},
file = {:Users/cwillis/Documents/Mendeley Desktop/Kanhabua, N\o rv\aa g/Proceedings of the 34th international ACM SIGIR conference on Research and development in Information - SIGIR '11/SIGIR2011TRANK.pdf:pdf},
isbn = {9781450307574},
journal = {SIGIR 2011},
keywords = {temporal similarity,time-aware ranking},
mendeley-groups = {25 Temporal IR},
pages = {1257},
publisher = {ACM Press},
title = {{A comparison of time-aware ranking methods}},
url = {http://portal.acm.org/citation.cfm?doid=2009916.2010147},
year = {2011}
}
@article{Kanhabua2011a,
address = {New York, New York, USA},
author = {Kanhabua, Nattiya and N\o rv\aa g, Kjetil},
doi = {10.1145/2009916.2010109},
file = {:Users/cwillis/Documents/Mendeley Desktop/Kanhabua, N\o rv\aa g/Proceedings of the 34th international ACM SIGIR conference on Research and development in Information - SIGIR '11/SIGIR2011TQPP.pdf:pdf},
isbn = {9781450307574},
journal = {Proceedings of the 34th international ACM SIGIR conference on Research and development in Information - SIGIR '11},
keywords = {-based predictors,conducted using queries and,extensive experiments are,in order to improve,performance,predicting,regression and neural networks,relevance judgments obtained,using linear,we combine different predictors},
mendeley-groups = {25 Temporal IR},
pages = {1181},
publisher = {ACM Press},
title = {{Time-based query performance predictors}},
url = {http://portal.acm.org/citation.cfm?doid=2009916.2010109},
year = {2011}
}
@article{Kanhabua2012,
author = {Kanhabua, Nattiya and Romano, Sara and Stewart, Avar\'{e}},
file = {:Users/cwillis/Documents/Mendeley Desktop/Kanhabua, Romano, Stewart/\ldots SIGIR 2012 Workshop on Time- \ldots/kanhabua-taia2012.pdf:pdf},
journal = {\ldots SIGIR 2012 Workshop on Time- \ldots},
keywords = {event extraction,pressions,public health events,relevance ranking,temporal ex-},
mendeley-groups = {25 Temporal IR},
title = {{Identifying relevant temporal expressions for real-world events}},
url = {http://131.107.65.14/en-us/people/milads/kanhabua-taia2012.pdf},
year = {2012}
}
@inproceedings{Karimzadehgan2010,
address = {New York, New York, USA},
author = {Karimzadehgan, Maryam and Zhai, ChengXiang},
booktitle = {SIGIR'10},
doi = {10.1145/1835449.1835505},
file = {:Users/cwillis/Documents/Mendeley Desktop/Karimzadehgan, Zhai/SIGIR'10/fp030-karimzadehgan.pdf:pdf},
isbn = {9781450301534},
keywords = {all or part of,estima-,feedback,language models,or hard copies of,permission to make digital,smoothing,statistical machine translation,this work for,tion},
mendeley-groups = {25 Temporal IR,26 Field Exam},
pages = {323},
publisher = {ACM Press},
title = {{Estimation of statistical translation models based on mutual information for ad hoc information retrieval}},
url = {http://portal.acm.org/citation.cfm?doid=1835449.1835505},
year = {2010}
}
@article{Kawamae,
author = {Kawamae, Noriaki},
file = {:Users/cwillis/Documents/Mendeley Desktop/Kawamae/Unknown/p317-kawamae.pdf:pdf},
isbn = {9781450304931},
keywords = {bayesian hierarchical model,graphical models,latent variable modeling,sis,tamped data,times-,timestamp,topic modeling,trend analy-},
mendeley-groups = {25 Temporal IR},
pages = {317--326},
title = {{Trend Analysis Model : Trend Consists of Temporal Words , Topics , and Timestamps Categories and Subject Descriptors}}
}
@article{Kim2013,
address = {New York, New York, USA},
author = {Kim, Hyun Duk and Nikitin, Danila and Zhai, ChengXiang and Castellanos, Malu and Hsu, Meichun},
doi = {10.1145/2499178.2499195},
file = {:Users/cwillis/Documents/Mendeley Desktop/Kim et al/Proceedings of the 2013 Conference on the Theory of Information Retrieval - ICTIR '13/ICTIR13\_Proceedings-paper14.pdf:pdf},
isbn = {9781450321075},
journal = {Proceedings of the 2013 Conference on the Theory of Information Retrieval - ICTIR '13},
keywords = {information retrieval,text stream,time series query},
mendeley-groups = {25 Temporal IR},
pages = {56--63},
publisher = {ACM Press},
title = {{Information Retrieval with Time Series Query}},
url = {http://dl.acm.org/citation.cfm?doid=2499178.2499195},
year = {2013}
}
@article{Kleinberg2006,
author = {Kleinberg, Jon},
file = {:Users/cwillis/Documents/Mendeley Desktop/Kleinberg/\ldots management Processing high-speed data streams/stream-survey04.pdf:pdf},
journal = {\ldots management: Processing high-speed data streams},
mendeley-groups = {25 Temporal IR},
title = {{Temporal dynamics of on-line information streams}},
url = {http://www.cs.cornell.edu/Info/People/kleinber/stream-survey04.pdf},
year = {2006}
}
@article{Kleinberg2002,
address = {New York, New York, USA},
author = {Kleinberg, Jon},
doi = {10.1145/775060.775061},
file = {:Users/cwillis/Documents/Mendeley Desktop/Kleinberg/Proceedings of the eighth ACM SIGKDD international conference on Knowledge discovery and data mining - KDD '02/bhs.pdf:pdf},
isbn = {158113567X},
journal = {Proceedings of the eighth ACM SIGKDD international conference on Knowledge discovery and data mining - KDD '02},
mendeley-groups = {25 Temporal IR},
pages = {91},
publisher = {ACM Press},
title = {{Bursty and hierarchical structure in streams}},
url = {http://portal.acm.org/citation.cfm?doid=775047.775061},
year = {2002}
}
@article{Koen2000,
author = {Koen, D. B. and Bender, W.},
doi = {10.1147/sj.393.0597},
file = {:Users/cwillis/Documents/Mendeley Desktop/Koen, Bender/IBM Systems Journal/05387017.pdf:pdf},
issn = {0018-8670},
journal = {IBM Systems Journal},
mendeley-groups = {25 Temporal IR},
number = {3.4},
pages = {597--616},
title = {{Time Frames: Temporal augmentation of the news}},
url = {http://ieeexplore.ieee.org/lpdocs/epic03/wrapper.htm?arnumber=5387017},
volume = {39},
year = {2000}
}
@book{Kraaij2005,
author = {Kraaij, Wessel},
booktitle = {ACM SIGIR Forum},
doi = {10.1145/1067268.1067291},
file = {:Users/cwillis/Documents/Mendeley Desktop/Kraaij/ACM SIGIR Forum/thesis\_Kraaij.pdf:pdf},
isbn = {9075296096},
issn = {01635840},
mendeley-groups = {25 Temporal IR},
month = jun,
number = {1},
pages = {61},
title = {{Variations on language modeling for information retrieval}},
url = {http://portal.acm.org/citation.cfm?doid=1067268.1067291},
volume = {39},
year = {2005}
}
@article{Kulkarni2011,
address = {New York, New York, USA},
author = {Kulkarni, Anagha and Teevan, Jaime and Svore, Krysta M. and Dumais, Susan T.},
doi = {10.1145/1935826.1935862},
file = {:Users/cwillis/Documents/Mendeley Desktop/Kulkarni et al/Proceedings of the fourth ACM international conference on Web search and data mining - WSDM '11/p167-kulkarni.pdf:pdf},
isbn = {9781450304931},
journal = {Proceedings of the fourth ACM international conference on Web search and data mining - WSDM '11},
keywords = {query dynamics},
mendeley-groups = {25 Temporal IR},
pages = {167},
publisher = {ACM Press},
title = {{Understanding temporal query dynamics}},
url = {http://portal.acm.org/citation.cfm?doid=1935826.1935862},
year = {2011}
}
@article{Kumar2005,
author = {Kumar, Abhimanu and Lease, Matthew and Baldridge, Jason},
file = {:Users/cwillis/Documents/Mendeley Desktop/Kumar, Lease, Baldridge/Unknown/p2069-kumar.pdf:pdf},
isbn = {9781450307178},
keywords = {document dating,temporal information,text mining,time},
mendeley-groups = {25 Temporal IR},
pages = {2069--2072},
title = {{Supervised Language Modeling for Temporal Resolution of Texts}},
year = {2005}
}
@article{Kumar2005,
author = {Kumar, Abhimanu and Lease, Matthew and Baldridge, Jason},
file = {:Users/cwillis/Documents/Mendeley Desktop/Kumar, Lease, Baldridge/Unknown/kumar-cikm11.pdf:pdf},
isbn = {9781450307178},
keywords = {document dating,temporal information,text mining,time},
mendeley-groups = {25 Temporal IR},
title = {{Supervised Language Modeling for Temporal Resolution of Texts}},
year = {2005}
}
@article{Kurland2009,
author = {Kurland, Oren and Lee, Lillian},
doi = {10.1145/1508850.1508851},
file = {:Users/cwillis/Documents/Mendeley Desktop/Kurland, Lee/ACM Transactions on Information Systems/a13-kurland.pdf:pdf},
issn = {10468188},
journal = {ACM Transactions on Information Systems},
mendeley-groups = {19A Field Exam,25 Temporal IR},
month = may,
number = {3},
pages = {1--39},
title = {{Clusters, language models, and ad hoc information retrieval}},
url = {http://portal.acm.org/citation.cfm?doid=1508850.1508851},
volume = {27},
year = {2009}
}
@book{Lavrenko2009,
author = {Lavrenko, V},
file = {:Users/cwillis/Documents/Mendeley Desktop/Lavrenko/Unknown/Lavrenko-Generative-theory-of-relevance.pdf:pdf},
isbn = {9783540893639},
keywords = {Relevance,Relevance feedback,Relevance models,Retrieval models},
mendeley-groups = {19A Field Exam,25 Dissertations,25 Temporal IR,26 Field Exam},
mendeley-tags = {Relevance,Relevance feedback,Relevance models,Retrieval models},
publisher = {Springer},
title = {{A generative theory of relevance}},
url = {http://link.springer.com/content/pdf/10.1007/978-3-540-89364-6.pdf},
year = {2009}
}
@article{Lavrenko2001,
address = {New York, New York, USA},
author = {Lavrenko, Victor and Croft, W. Bruce},
doi = {10.1145/383952.383972},
file = {:Users/cwillis/Documents/Mendeley Desktop/Lavrenko, Croft/Proceedings of the 24th annual international ACM SIGIR conference on Research and development in information retrieval - SIGIR '01/p120-lavrenko.pdf:pdf},
isbn = {1581133316},
journal = {Proceedings of the 24th annual international ACM SIGIR conference on Research and development in information retrieval - SIGIR '01},
keywords = {Relevance models,Retrieval models},
mendeley-groups = {12 SIGIR2014,13 TOIS Filtering,19A Field Exam,25 Temporal IR},
mendeley-tags = {Relevance models,Retrieval models},
pages = {120--127},
publisher = {ACM Press},
title = {{Relevance based language models}},
url = {http://portal.acm.org/citation.cfm?doid=383952.383972},
year = {2001}
}
@article{Lavrenko2000,
author = {Lavrenko, Victor and Schmill, Matt and Lawrie, Dawn},
file = {:Users/cwillis/Documents/Mendeley Desktop/Lavrenko, Schmill, Lawrie/\ldots on Text Mining/Lavrenko\_TM.pdf:pdf},
journal = {\ldots on Text Mining},
mendeley-groups = {25 Temporal IR},
pages = {2--9},
title = {{Mining of concurrent text and time series}},
url = {http://scholar.google.com/scholar?hl=en\&btnG=Search\&q=intitle:Mining+of+Concurrent+Text+and+Time+Series\#0},
year = {2000}
}
@article{Laxman2006,
author = {Laxman, Srivatsan and Sastry, P S},
file = {:Users/cwillis/Documents/Mendeley Desktop/Laxman, Sastry/Unknown/LSU06-sadhana.pdf:pdf},
keywords = {dency,ordered data streams,pattern discovery,temporal data mining,temporal interdepen-},
mendeley-groups = {25 Temporal IR},
number = {April},
pages = {173--198},
title = {{A survey of temporal data mining}},
volume = {31},
year = {2006}
}
@article{Leuski2001,
address = {New York, New York, USA},
author = {Leuski, Anton},
doi = {10.1145/502590.502592},
file = {:Users/cwillis/Documents/Mendeley Desktop/Leuski/Proceedings of the tenth international conference on Information and knowledge management - CIKM'01/p33-leuski.pdf:pdf},
isbn = {1581134363},
journal = {Proceedings of the tenth international conference on Information and knowledge management - CIKM'01},
keywords = {Clustering,Evaluation},
mendeley-groups = {19A Field Exam,25 Temporal IR},
mendeley-tags = {Clustering,Evaluation},
pages = {33},
publisher = {ACM Press},
title = {{Evaluating document clustering for interactive information retrieval}},
url = {http://portal.acm.org/citation.cfm?doid=502585.502592},
year = {2001}
}
@article{Li2003,
address = {New York, New York, USA},
author = {Li, Xiaoyan and Croft, W. Bruce},
doi = {10.1145/956950.956951},
file = {:Users/cwillis/Documents/Mendeley Desktop/Li, Croft/Proceedings of the twelfth international conference on Information and knowledge management - CIKM '03/p469-li.pdf:pdf},
isbn = {1581137230},
journal = {CIGM 2003},
keywords = {information retrieval,language models,models,recency queries,relevance,time-based language models},
mendeley-groups = {25 Temporal IR},
pages = {469},
publisher = {ACM Press},
title = {{Time-based language models}},
url = {http://portal.acm.org/citation.cfm?doid=956863.956951},
year = {2003}
}
@article{Liebscher2003,
annote = {Cited by Kleinberg},
author = {Liebscher, Robert and Belew, Richard K},
file = {:Users/cwillis/Documents/Mendeley Desktop/Liebscher, Belew/Unknown/1-5.pdf:pdf},
mendeley-groups = {25 Temporal IR},
pages = {46--57},
title = {{Lexical dynamics and conceptual change : Analyses and implications for information retrieval}},
volume = {1},
year = {2003}
}
@article{Lin2013,
author = {Lin, Jimmy and Efron, Miles},
file = {:Users/cwillis/Documents/Mendeley Desktop/Lin, Efron/SIGIR Workshop on Time-aware Information Access/Lin\_Efron\_TAIA2013.pdf:pdf},
journal = {SIGIR Workshop on Time-aware Information Access},
mendeley-groups = {25 Temporal IR},
title = {{Temporal relevance profiles for tweet search}},
url = {http://scholar.google.com/scholar?hl=en\&btnG=Search\&q=intitle:Temporal+Relevance+Profiles+for+Tweet+Search\#0},
year = {2013}
}
@article{Lin2014,
author = {Lin, Sheng and Jin, Peiquan and Zhao, Xujian and Yue, Lihua},
doi = {10.1016/j.eswa.2013.07.048},
file = {:Users/cwillis/Documents/Mendeley Desktop/Lin et al/Expert Systems with Applications/1-s2.0-S0957417413005356-main.pdf:pdf},
issn = {09574174},
journal = {Expert Systems with Applications},
keywords = {temporal expressions extraction},
mendeley-groups = {25 Temporal IR},
month = feb,
number = {2},
pages = {331--341},
publisher = {Elsevier Ltd},
title = {{Exploiting temporal information in Web search}},
url = {http://linkinghub.elsevier.com/retrieve/pii/S0957417413005356},
volume = {41},
year = {2014}
}
@book{Liu,
author = {Liu, Tie-Yan},
file = {:Users/cwillis/Documents/Mendeley Desktop/Liu/Unknown/bok\%3A978-3-642-14267-3.pdf:pdf},
isbn = {9783642142666},
mendeley-groups = {25 Temporal IR},
title = {{Learning to rank for information retrieval}}
}
@article{Liu2004,
address = {New York, New York, USA},
author = {Liu, Xiaoyong and Croft, W. Bruce},
doi = {10.1145/1008992.1009026},
file = {:Users/cwillis/Documents/Mendeley Desktop/Liu, Croft/Proceedings of the 27th annual international conference on Research and development in information retrieval - SIGIR '04/ir-347.pdf:pdf},
isbn = {1581138814},
journal = {Proceedings of the 27th annual international conference on Research and development in information retrieval - SIGIR '04},
keywords = {based language model,cluster model,cluster-,cluster-based retrieval,clustering,hierarchical clustering,information retrieval,language model,query-specific,smoothing,static clustering,topic model},
mendeley-groups = {19A Field Exam,25 Temporal IR},
pages = {186},
publisher = {ACM Press},
title = {{Cluster-based retrieval using language models}},
url = {http://portal.acm.org/citation.cfm?doid=1008992.1009026},
year = {2004}
}
@article{Lu2010,
author = {Lu, Yue and Mei, Qiaozhu and Zhai, ChengXiang},
doi = {10.1007/s10791-010-9141-9},
file = {:Users/cwillis/Documents/Mendeley Desktop/Lu, Mei, Zhai/Information Retrieval/art\%3A10.1007\%2Fs10791-010-9141-9.pdf:pdf},
issn = {1386-4564},
journal = {Information Retrieval},
keywords = {evaluation \'{a} topic models,\'{a} experimentation \'{a},\'{a} lda \'{a} plsa},
mendeley-groups = {25 Temporal IR},
month = aug,
number = {2},
pages = {178--203},
title = {{Investigating task performance of probabilistic topic models: an empirical study of PLSA and LDA}},
url = {http://link.springer.com/10.1007/s10791-010-9141-9},
volume = {14},
year = {2010}
}
@article{MacKay1995,
annote = {Cited by Wallach (2008) as n-gram language model
Uses Bayesian approach},
author = {MacKay, David J. C. and Peto, Linda C. Bauman},
doi = {10.1017/S1351324900000218},
file = {:Users/cwillis/Documents/Mendeley Desktop/MacKay, Peto/Natural Language Engineering/S1351324900000218a.pdf:pdf},
issn = {1351-3249},
journal = {Natural Language Engineering},
mendeley-groups = {25 Temporal IR},
month = sep,
number = {03},
pages = {289--308},
title = {{A hierarchical Dirichlet language model}},
url = {http://www.journals.cambridge.org/abstract\_S1351324900000218},
volume = {1},
year = {1995}
}
@article{Makkonen2004,
author = {Makkonen, Juha},
file = {:Users/cwillis/Documents/Mendeley Desktop/Makkonen/Unknown/makkonen.pdf:pdf},
mendeley-groups = {25 Temporal IR},
title = {{Temporal information in Topic Detection and Tracking}},
year = {2004}
}
@article{Mani2004,
author = {Mani, Inderjeet and Pustejovsky, James and Sundheim, Beth},
doi = {10.1145/1017068.1017069},
file = {:Users/cwillis/Documents/Mendeley Desktop/Mani, Pustejovsky, Sundheim/ACM Transactions on Asian Language Information Processing/p1-mani.pdf:pdf},
issn = {15300226},
journal = {ACM Transactions on Asian Language Information Processing},
mendeley-groups = {25 Temporal IR},
month = mar,
number = {1},
pages = {1--10},
title = {{Introduction to the special issue on temporal information processing}},
url = {http://portal.acm.org/citation.cfm?doid=1017068.1017069},
volume = {3},
year = {2004}
}
@article{Mei2005,
author = {Mei, Qiaozhu},
file = {:Users/cwillis/Documents/Mendeley Desktop/Mei/Unknown/p198-mei.pdf:pdf},
keywords = {clustering,evolutionary theme pat-,temporal text mining,terns,theme threads},
mendeley-groups = {25 Temporal IR},
pages = {198--207},
title = {{Discovering Evolutionary Theme Patterns from Text - An Exploration of Temporal Text Mining}},
year = {2005}
}
@article{Metzler2009,
address = {New York, New York, USA},
author = {Metzler, Donald and Jones, Rosie and Peng, Fuchun and Zhang, Ruiqiang},
doi = {10.1145/1571941.1572085},
file = {:Users/cwillis/Documents/Mendeley Desktop/Metzler et al/Proceedings of the 32nd international ACM SIGIR conference on Research and development in information retrieval - SIGIR '09/pp1097-metzler.pdf:pdf},
isbn = {9781605584836},
journal = {SIGIR 2009},
keywords = {ally qualify the query,and the names of,con-,easter,ferences,kdd,olympics,or,other examples include,query log analysis,sigmod,such as,temporal queries,toyota camry,web search,with a year},
mendeley-groups = {25 Temporal IR},
number = {1},
pages = {700},
publisher = {ACM Press},
title = {{Improving search relevance for implicitly temporal queries}},
url = {http://portal.acm.org/citation.cfm?doid=1571941.1572085},
year = {2009}
}
@article{Michel2011a,
author = {Michel, Jean-baptiste and Shen, Yuan Kui and Aiden, Aviva Presser and Veres, Adrian and Matthew, K and Google, The and Team, Books and Pickett, Joseph P and Hoiberg, Dale and Clancy, Dan and Orwant, Jon and Pinker, Steven and Nowak, Martin A and Aiden, Erez Lieberman},
doi = {10.1126/science.1199644},
file = {:Users/cwillis/Documents/Mendeley Desktop/Michel et al/Unknown/Michel.SOM.revision.2.pdf:pdf},
mendeley-groups = {Book Search,Book Search - Gasser,25 Temporal IR},
number = {March},
title = {{Quantitative Analysis of Culture Using Millions of Digitized Books}},
year = {2011}
}
@article{Mimno2012,
author = {Mimno, David},
doi = {10.1145/2160165.2160168},
file = {:Users/cwillis/Documents/Mendeley Desktop/Mimno/Unknown/a3-mimno.pdf:pdf},
mendeley-groups = {25 Temporal IR},
number = {1},
title = {{Computational Historiography : Data Mining in a Century of Classics Journals}},
volume = {5},
year = {2012}
}
@article{Mimno2010,
author = {Mimno, David and Hoffman, Matthew D and Blei, David M},
file = {:Users/cwillis/Documents/Mendeley Desktop/Mimno, Hoffman, Blei/Unknown/mimno2012sparse.pdf:pdf},
mendeley-groups = {25 Temporal IR},
title = {{Sparse stochastic inference for latent Dirichlet allocation}},
year = {2010}
}
@article{Mimno,
author = {Mimno, David and Mccallum, Andrew},
file = {:Users/cwillis/Documents/Mendeley Desktop/Mimno, Mccallum/Unknown/dmr-uai.pdf:pdf},
mendeley-groups = {25 Temporal IR},
title = {{Topic Models Conditioned on Arbitrary Features with Dirichlet-multinomial Regression}}
}
@article{Mittal2007,
author = {Mittal, Ankush and Pagalthivarthi, Krishnan V.},
doi = {10.1016/j.patrec.2006.12.016},
file = {:Users/cwillis/Documents/Mendeley Desktop/Mittal, Pagalthivarthi/Pattern Recognition Letters/1-s2.0-S0167865507000104-main.pdf:pdf},
issn = {01678655},
journal = {Pattern Recognition Letters},
keywords = {contextual cues,cut types,dynamic bayesian networks,semantic features,time-to-collision},
mendeley-groups = {25 Temporal IR},
month = oct,
number = {14},
pages = {1873--1884},
title = {{Temporal Bayesian Network based contextual framework for structured information mining}},
url = {http://linkinghub.elsevier.com/retrieve/pii/S0167865507000104},
volume = {28},
year = {2007}
}
@article{Mizzaro1997,
author = {Mizzaro, Stefano},
file = {:Users/cwillis/Documents/Mendeley Desktop/Mizzaro/Journal of the American Society for Information Science/(SICI)1097-4571(199709)48-9-810--AID-ASI6-3.0.pdf:pdf},
journal = {Journal of the American Society for Information Science},
keywords = {Relevance},
mendeley-groups = {19A Field Exam,25 Temporal IR,26 Field Exam},
mendeley-tags = {Relevance},
number = {9},
pages = {810--832},
title = {{Relevance: The whole history}},
url = {http://onlinelibrary.wiley.com/doi/10.1002/(SICI)1097-4571(199709)48:9\%3C810::AID-ASI6\%3E3.0.CO;2-U/full},
volume = {48},
year = {1997}
}
@article{Mooers1950,
author = {Mooers, Calvin N},
file = {:Users/cwillis/Documents/Mendeley Desktop/Mooers/Unknown/icm1950.1.0565.0576.ocr.pdf:pdf},
mendeley-groups = {23 Documentation machines,25 Temporal IR},
pages = {565--576},
title = {{Information Retrieval Viewed as Temporal Signalling}},
year = {1950}
}
@article{Newman,
author = {Newman, David and Baldwin, Timothy and Talley, Edmund},
file = {:Users/cwillis/Documents/Mendeley Desktop/Newman, Baldwin, Talley/Unknown/p215-newman.pdf:pdf},
isbn = {9781450300858},
keywords = {acm acknowl-,computing machinery,copyright 2010 association for,corresponding author,topic models,user evaluation},
mendeley-groups = {25 Temporal IR},
pages = {215--224},
title = {{Evaluating Topic Models for Digital Libraries Categories and Subject Descriptors}}
}
@article{Ng2006,
author = {Ng, Kenney},
file = {:Users/cwillis/Documents/Mendeley Desktop/Ng/Unknown/10.1.1.2.2409.pdf:pdf},
mendeley-groups = {25 Temporal IR},
number = {2},
title = {{A maximum likelihood ratio information retrieval model}},
url = {http://oai.dtic.mil/oai/oai?verb=getRecord\&metadataPrefix=html\&identifier=ADA456243},
year = {2006}
}
@article{Niculae2014,
author = {Niculae, Vlad and Zampieri, Marcos and Dinu, Liviu P and Ciobanu, Alina Maria},
file = {:Users/cwillis/Documents/Mendeley Desktop/Niculae et al/Unknown/E14-4.pdf:pdf},
mendeley-groups = {25 Temporal IR},
pages = {17--21},
title = {{Temporal Text Ranking and Automatic Dating of Texts}},
year = {2014}
}
@article{Nuno2011,
author = {Nuno, Ricardo and Campos, Taborda},
file = {:Users/cwillis/Documents/Mendeley Desktop/Nuno, Campos/Unknown/p1325-campos.pdf:pdf},
mendeley-groups = {25 Temporal IR},
pages = {2011},
title = {{Using k-top Retrieved Web Snippets to Date Temporal Implicit Queries based on Web Content Analysis}},
volume = {25},
year = {2011}
}
@article{Parikh2008,
address = {New York, New York, USA},
author = {Parikh, Nish and Sundaresan, Neel},
doi = {10.1145/1401890.1402006},
file = {:Users/cwillis/Documents/Mendeley Desktop/Sundaresan/Unknown/reference-6-5.pdf:pdf},
isbn = {9781605581934},
journal = {Proceeding of the 14th ACM SIGKDD international conference on Knowledge discovery and data mining - KDD 08},
keywords = {temporal burst mining,temporal classification,wavelet-based feature extraction},
mendeley-groups = {25 Temporal IR},
pages = {972},
publisher = {ACM Press},
title = {{Scalable and near real-time burst detection from eCommerce queries}},
url = {http://dl.acm.org/citation.cfm?doid=1401890.1402006},
year = {2008}
}
@article{Pasca2008,
author = {Pasca, M},
file = {:Users/cwillis/Documents/Mendeley Desktop/Pasca/Proceedings of the 2008 ACM symposium on Applied \ldots/p1117-pasca.pdf:pdf},
isbn = {9781595937537},
journal = {Proceedings of the 2008 ACM symposium on Applied \ldots},
keywords = {lightweight text analysis,ques-,web information retrieval},
mendeley-groups = {25 Temporal IR},
pages = {1117--1121},
title = {{Towards temporal web search}},
url = {http://dl.acm.org/citation.cfm?id=1363946},
year = {2008}
}
@article{Peetz2013a,
author = {Peetz, Maria-Hendrike and Meij, Edgar and de Rijke, Maarten},
doi = {10.1007/s10791-013-9227-2},
file = {:Users/cwillis/Documents/Mendeley Desktop/Peetz, Meij, Rijke/Information Retrieval/art\%3A10.1007\%2Fs10791-013-9227-2.pdf:pdf},
issn = {1386-4564},
journal = {Information Retrieval},
keywords = {information retrieval \'{a},information retrieval \'{a} temporal},
mendeley-groups = {25 Temporal IR},
month = jul,
number = {1},
pages = {74--108},
title = {{Using temporal bursts for query modeling}},
url = {http://link.springer.com/10.1007/s10791-013-9227-2},
volume = {17},
year = {2013}
}
@article{Peetz2012,
author = {Peetz, Maria-hendrike and Meij, Edgar and Rijke, Maarten De and Weerkamp, Wouter},
file = {:Users/cwillis/Documents/Mendeley Desktop/Peetz et al/Unknown/chp\%3A10.1007\%2F978-3-642-28997-2\_40.pdf:pdf},
mendeley-groups = {25 Temporal IR},
pages = {455--458},
title = {{LNCS 7224 - Adaptive Temporal Query Modeling}},
year = {2012}
}
@article{Peetz2013,
author = {Peetz, MH and Rijke, Maarten De},
file = {:Users/cwillis/Documents/Mendeley Desktop/Peetz, Rijke/Advances in Information Retrieval/ecir2013-priors.pdf:pdf},
journal = {Advances in Information Retrieval},
mendeley-groups = {25 Temporal IR},
title = {{Cognitive temporal document priors}},
url = {http://link.springer.com/chapter/10.1007/978-3-642-36973-5\_27},
year = {2013}
}
@article{Perki2005,
author = {Perki, Jukka and Tirri, Henry},
file = {:Users/cwillis/Documents/Mendeley Desktop/Perki, Tirri/Unknown/p647-perkio.pdf:pdf},
isbn = {1595930345},
keywords = {adaptation is not suitable,as there,evance ranking,for all domains though,is assumption of users,mpca,queries being dictated by,rel-,temporal adaptation,tf-idf,the topical,topic model},
mendeley-groups = {25 Temporal IR},
number = {2},
pages = {647--648},
title = {{A Temporally Adaptive Content-Based Relevance Ranking Algorithm}},
year = {2005}
}
@article{Petras2006,
author = {Petras, Vivien and Larson, Ray R and Buckland, Michael},
file = {:Users/cwillis/Documents/Mendeley Desktop/Petras, Larson, Buckland/Unknown/p151-petras.pdf:pdf},
isbn = {1595933549},
keywords = {metadata infrastruc-,time period directories},
mendeley-groups = {25 Temporal IR},
pages = {151--160},
title = {{Time Period Directories : A Metadata Infrastructure for Placing Events in Temporal and Geographic Context}},
year = {2006}
}
@inproceedings{Ponte1998,
author = {Ponte, Jay M. and Croft, W. Bruce},
booktitle = {SIGIR '98},
doi = {10.1145/290941.291008},
file = {:Users/cwillis/Documents/Mendeley Desktop/Ponte, Croft/SIGIR '98/p275-ponte.pdf:pdf},
isbn = {1581130155},
keywords = {Language models,Retrieval models},
mendeley-groups = {Book Search,Book Search - Gasser,06 CS598CXZ,19A Field Exam,25 Temporal IR,26 Field Exam},
mendeley-tags = {Language models,Retrieval models},
pages = {275--281},
title = {{A language modeling approach to information retrieval}},
url = {http://portal.acm.org/citation.cfm?doid=290941.291008},
year = {1998}
}
@article{Radinsky,
author = {Radinsky, Kira and Agichtein, Eugene and Gabrilovich, Evgeniy and Markovitch, Shaul},
file = {:Users/cwillis/Documents/Mendeley Desktop/Radinsky et al/Unknown/Radinsky-TemporalSemantics.pdf:pdf},
isbn = {9781450306324},
keywords = {semantic analysis,semantic similarity,temporal dynamics,temporal semantics,word relatedness},
mendeley-groups = {25 Temporal IR},
title = {{A Word at a Time : Computing Word Relatedness using Temporal Semantic Analysis}}
}
@article{Radinsky2012,
address = {New York, New York, USA},
author = {Radinsky, Kira and Svore, Krysta and Dumais, Susan and Teevan, Jaime and Bocharov, Alex and Horvitz, Eric},
doi = {10.1145/2187836.2187918},
file = {:Users/cwillis/Documents/Mendeley Desktop/Radinsky et al/Proceedings of the 21st international conference on World Wide Web - WWW '12/www\_2012\_behavioral\_dynamics.pdf:pdf},
isbn = {9781450312295},
journal = {Proceedings of the 21st international conference on World Wide Web - WWW '12},
keywords = {behavioral analysis,predictive behavioral models},
mendeley-groups = {25 Temporal IR},
pages = {599},
publisher = {ACM Press},
title = {{Modeling and predicting behavioral dynamics on the web}},
url = {http://dl.acm.org/citation.cfm?doid=2187836.2187918},
year = {2012}
}
@article{Ribeiro2008,
author = {Ribeiro, Cristina and David, Gabriel},
file = {:Users/cwillis/Documents/Mendeley Desktop/Ribeiro, David/Unknown/nunes08-ecir.pdf:pdf},
mendeley-groups = {25 Temporal IR},
pages = {580--584},
title = {{Use of Temporal Expressions in Web Search}},
year = {2008}
}
@article{Richardson2008,
author = {Richardson, Matthew},
doi = {10.1145/1409220.1409224},
file = {:Users/cwillis/Documents/Mendeley Desktop/Richardson/ACM Transactions on the Web/a21-richardson.pdf:pdf},
issn = {15591131},
journal = {ACM Transactions on the Web},
mendeley-groups = {00 ASIST 2013 - Book Search,25 Temporal IR},
month = oct,
number = {4},
pages = {1--27},
title = {{Learning about the world through long-term query logs}},
url = {http://portal.acm.org/citation.cfm?doid=1409220.1409224},
volume = {2},
year = {2008}
}
@article{Rocha2013,
author = {Rocha, Leonardo and Mour\~{a}o, Fernando and Mota, Hilton and Salles, Thiago and Gon\c{c}alves, Marcos Andr\'{e} and {Meira Jr.}, Wagner},
doi = {10.1016/j.is.2012.11.001},
file = {:Users/cwillis/Documents/Mendeley Desktop/Rocha et al/Information Systems/1-s2.0-S0306437912001433-main.pdf:pdf},
issn = {03064379},
journal = {Information Systems},
mendeley-groups = {25 Temporal IR},
month = may,
number = {3},
pages = {388--409},
title = {{Temporal contexts: Effective text classification in evolving document collections}},
url = {http://linkinghub.elsevier.com/retrieve/pii/S0306437912001433},
volume = {38},
year = {2013}
}
@article{Same2012,
author = {Same, Allou and Govaert, Gerard},
doi = {10.1109/ICMLA.2012.111},
file = {:Users/cwillis/Documents/Mendeley Desktop/Same, Govaert/2012 11th International Conference on Machine Learning and Applications/06406632.pdf:pdf},
isbn = {978-1-4673-4651-1},
journal = {2012 11th International Conference on Machine Learning and Applications},
keywords = {-time series,bayesian model selection,em algorithm,models,online segmentation,temporal mixture},
mendeley-groups = {25 Temporal IR},
month = dec,
number = {2},
pages = {602--605},
publisher = {Ieee},
title = {{Online Time Series Segmentation Using Temporal Mixture Models and Bayesian Model Selection}},
url = {http://ieeexplore.ieee.org/lpdocs/epic03/wrapper.htm?arnumber=6406632},
year = {2012}
}
@article{Sanderson2010,
author = {Sanderson, Mark},
doi = {10.1561/1500000009},
file = {:Users/cwillis/Documents/Mendeley Desktop/Sanderson/Foundations and TrendsÂ® in Information Retrieval/Foundations and Trends in Information Retrieval 2010 Sanderson.pdf:pdf},
issn = {1554-0669},
journal = {Foundations and TrendsÂ® in Information Retrieval},
keywords = {Evaluation,Test collections},
mendeley-groups = {04 HT Test Collection,06 CS598CXZ,19A Field Exam,25 Temporal IR},
mendeley-tags = {Evaluation,Test collections},
number = {4},
pages = {247--375},
title = {{Test Collection Based Evaluation of Information Retrieval Systems}},
url = {http://www.nowpublishers.com/product.aspx?product=INR\&doi=1500000009},
volume = {4},
year = {2010}
}
@article{Schilder2004,
author = {Schilder, Frank},
doi = {10.1145/1017068.1017071},
file = {:Users/cwillis/Documents/Mendeley Desktop/Schilder/ACM Transactions on Asian Language Information Processing/p33-schilder.pdf:pdf},
issn = {15300226},
journal = {ACM Transactions on Asian Language Information Processing},
mendeley-groups = {25 Temporal IR},
month = mar,
number = {1},
pages = {33--50},
title = {{Extracting meaning from temporal nouns and temporal prepositions}},
url = {http://portal.acm.org/citation.cfm?doid=1017068.1017071},
volume = {3},
year = {2004}
}
@article{Shanahan2003,
author = {Shanahan, James G and Bennett, Jeffrey and Evans, David A and Hull, David A and Montgomery, Jesse},
file = {:Users/cwillis/Documents/Mendeley Desktop/Shanahan et al/Unknown/clairvoyance.hard.pdf:pdf},
mendeley-groups = {25 Temporal IR},
title = {{Clairvoyance Corporation Experiments in the TREC 2003 High Accuracy Retrieval from Documents ( HARD ) Track}},
year = {2003}
}
@article{Shannon1948,
author = {Shannon, C},
file = {:Users/cwillis/Documents/Mendeley Desktop/Shannon/Unknown/shannon1948.pdf:pdf},
mendeley-groups = {19A Field Exam,25 Temporal IR},
number = {July 1928},
pages = {379--423},
title = {{A Mathematical Theory of Communication}},
volume = {27},
year = {1948}
}
@article{Shasha2006,
author = {Shasha, D.},
doi = {10.1109/ICDE.2006.30},
file = {:Users/cwillis/Documents/Mendeley Desktop/Shasha/22nd International Conference on Data Engineering (ICDE'06)/01617514.pdf:pdf},
isbn = {0-7695-2570-9},
journal = {22nd International Conference on Data Engineering (ICDE'06)},
mendeley-groups = {25 Temporal IR},
pages = {146--146},
publisher = {Ieee},
title = {{Better Burst Detection}},
url = {http://ieeexplore.ieee.org/lpdocs/epic03/wrapper.htm?arnumber=1617514},
year = {2006}
}
@inproceedings{Shokouhi2011,
author = {Shokouhi, Milad},
booktitle = {SIGIR 11},
file = {:Users/cwillis/Documents/Mendeley Desktop/Shokouhi/SIGIR 11/p1171-shokouhi.pdf:pdf},
isbn = {9781450307574},
keywords = {6,a time-series,at successive time spans,group of data points,is referred to a,seasonal query classification,temporal queries,the data,with uniform intervals},
mendeley-groups = {25 Temporal IR},
pages = {1171--1172},
title = {{Detecting Seasonal Queries by Time-Series Analysis Categories and Subject Descriptors}},
year = {2011}
}
@techreport{Steinbach,
author = {Steinbach, Michael and Karypis, George and Kumar, Vipin},
file = {:Users/cwillis/Documents/Mendeley Desktop/Steinbach, Karypis, Kumar/Unknown/00-034.pdf:pdf},
keywords = {Clustering,Evaluation},
mendeley-groups = {19A Field Exam,25 Temporal IR},
mendeley-tags = {Clustering,Evaluation},
title = {{A Comparison of Document Clustering Techniques}}
}
@inproceedings{Alonso2012,
author = {Str\"{o}tgen, J and Alonso, Omar and Gertz, Michael},
booktitle = {Proceedings of the 2nd Temporal Web \ldots},
file = {:Users/cwillis/Documents/Mendeley Desktop/Str\"{o}tgen, Alonso, Gertz/Proceedings of the 2nd Temporal Web \ldots/p33-strotgen.pdf:pdf},
isbn = {9781450311885},
keywords = {ranking,relevance scoring,snippets,temporal expressions,temporal information},
mendeley-groups = {25 Temporal IR},
pages = {33--40},
title = {{Identification of top relevant temporal expressions in documents}},
url = {http://dl.acm.org/citation.cfm?id=2169102},
year = {2012}
}
@inproceedings{Swan2000a,
author = {Swan, Russell and Allan, James},
booktitle = {SIGIR 2000},
file = {:Users/cwillis/Documents/Mendeley Desktop/Swan, Allan/SIGIR 2000/p49-swan.pdf:pdf},
isbn = {1581132263},
keywords = {detection and tracking,event,probabilistic models,statistical,text data mining,uis,visualization for collection overviews},
mendeley-groups = {25 Temporal IR},
pages = {49--56},
title = {{Automatic generation of overview timelines}},
year = {2000}
}
@article{Swan1999,
address = {New York, New York, USA},
author = {Swan, Russell and Allan, James},
doi = {10.1145/319950.319956},
file = {:Users/cwillis/Documents/Mendeley Desktop/Swan, Allan/Proceedings of the eighth international conference on Information and knowledge management - CIKM '99/p38-swan.pdf:pdf},
isbn = {1581131461},
journal = {Proceedings of the eighth international conference on Information and knowledge management - CIKM '99},
mendeley-groups = {25 Temporal IR},
pages = {38--45},
publisher = {ACM Press},
title = {{Extracting significant time varying features from text}},
url = {http://portal.acm.org/citation.cfm?doid=319950.319956},
year = {1999}
}
@article{Swan2000,
author = {Swan, Russell and Jensen, David},
file = {:Users/cwillis/Documents/Mendeley Desktop/Swan, Jensen/KDD-2000 Workshop on Text Mining/Swan\_TM.pdf:pdf},
journal = {KDD-2000 Workshop on Text Mining},
mendeley-groups = {25 Temporal IR},
title = {{Timemines: Constructing timelines with statistical models of word usage}},
url = {http://www.cs.cmu.edu/~dunja/KDDpapers/Swan\_TM.pdf},
year = {2000}
}
@article{Teevan2013,
author = {Teevan, Jaime and Collins-Thompson, K},
file = {:Users/cwillis/Documents/Mendeley Desktop/Teevan, Collins-Thompson/\ldots Information Retrieval/hcir13-SlowSearch.pdf:pdf},
journal = {\ldots Information Retrieval},
mendeley-groups = {25 Temporal IR},
title = {{Slow Search: Information Retrieval without Time Constraints}},
url = {http://dl.acm.org/citation.cfm?id=2528395},
year = {2013}
}
@article{Umiacs-tr-2010,
author = {Umiacs-tr-, Technical Report},
file = {:Users/cwillis/Documents/Mendeley Desktop/Umiacs-tr-/Unknown/UMIACS-TR-2010-05.pdf:pdf},
mendeley-groups = {25 Temporal IR},
pages = {1--23},
title = {{Effective Strategies for Temporally Anchored Information Retrieval Sangchul Song and Joseph JaJa Department of Electrical and Computer Engineering and Institute for Advanced Computer Studies University of Maryland , College Park}},
year = {2010}
}
@article{Verhagen2009,
author = {Verhagen, Marc and Moszkowicz, Jessica L.},
doi = {10.1111/j.1749-818X.2008.00116.x},
file = {:Users/cwillis/Documents/Mendeley Desktop/Verhagen, Moszkowicz/Language and Linguistics Compass/j.1749-818X.2008.00116.x.pdf:pdf},
issn = {1749818X},
journal = {Language and Linguistics Compass},
mendeley-groups = {25 Temporal IR},
month = mar,
number = {2},
pages = {517--536},
title = {{Temporal Annotation and Representation}},
url = {http://doi.wiley.com/10.1111/j.1749-818X.2008.00116.x},
volume = {3},
year = {2009}
}
@article{Vlachos2004,
address = {New York, New York, USA},
author = {Vlachos, Michail and Meek, Chris and Vagena, Zografoula and Gunopulos, Dimitrios},
doi = {10.1145/1007568.1007586},
file = {:Users/cwillis/Documents/Mendeley Desktop/Vlachos et al/Proceedings of the 2004 ACM SIGMOD international conference on Management of data - SIGMOD '04/p131-vlachos.pdf:pdf},
isbn = {1581138598},
journal = {Proceedings of the 2004 ACM SIGMOD international conference on Management of data - SIGMOD '04},
mendeley-groups = {25 Temporal IR},
pages = {131},
publisher = {ACM Press},
title = {{Identifying similarities, periodicities and bursts for online search queries}},
url = {http://portal.acm.org/citation.cfm?doid=1007568.1007586},
year = {2004}
}
@article{Vlachos2007,
author = {Vlachos, Michail and Wu, Kun-Lung and Chen, Shyh-Kwei and Yu, Philip S.},
doi = {10.1007/s10618-007-0066-x},
file = {:Users/cwillis/Documents/Mendeley Desktop/Vlachos et al/Data Mining and Knowledge Discovery/art\%3A10.1007\%2Fs10618-007-0066-x.pdf:pdf},
issn = {1384-5810},
journal = {Data Mining and Knowledge Discovery},
keywords = {burst detection,correlation,indexing,time-series},
mendeley-groups = {25 Temporal IR},
month = mar,
number = {1},
pages = {109--133},
title = {{Correlating burst events on streaming stock market data}},
url = {http://link.springer.com/10.1007/s10618-007-0066-x},
volume = {16},
year = {2007}
}
@inproceedings{Vdorhees,
author = {Voorhees, Ellen M.},
booktitle = {Proceedings of the 8th annual international ACM SIGIR \ldots},
file = {:Users/cwillis/Documents/Mendeley Desktop/Voorhees/Proceedings of the 8th annual international ACM SIGIR \ldots/p188-voorhees.pdf:pdf},
isbn = {0897911598},
mendeley-groups = {25 Temporal IR},
pages = {188--196},
title = {{The cluster hypothesis revisited}},
url = {http://dl.acm.org/citation.cfm?id=253524},
year = {1985}
}
@article{Wang2012,
author = {Wang, Chong and Blei, David and Heckerman, David},
file = {:Users/cwillis/Documents/Mendeley Desktop/Wang, Blei, Heckerman/Unknown/WangBleiHeckerman2008.pdf:pdf},
mendeley-groups = {19A Field Exam,25 Temporal IR},
title = {{Continuous time dynamic topic models}},
url = {http://arxiv.org/abs/1206.3298},
year = {2012}
}
@article{Wang2006,
author = {Wang, Xuerui and Mccallum, Andrew},
file = {:Users/cwillis/Documents/Mendeley Desktop/Wang, Mccallum/Unknown/tot-kdd06.pdf:pdf},
isbn = {1595933395},
keywords = {graphical models,temporal analysis,topic modeling},
mendeley-groups = {25 Temporal IR},
title = {{Topics over Time : A Non-Markov Continuous-Time Model of Topical Trends}},
year = {2006}
}
@article{Wei2006,
address = {New York, New York, USA},
author = {Wei, Xing and Croft, W. Bruce},
doi = {10.1145/1148170.1148204},
file = {:Users/cwillis/Documents/Mendeley Desktop/Wei, Croft/Proceedings of the 29th annual international ACM SIGIR conference on Research and development in information retrieval - SIGIR '06/p178-wei.pdf:pdf},
isbn = {1595933697},
journal = {Proceedings of the 29th annual international ACM SIGIR conference on Research and development in information retrieval - SIGIR '06},
keywords = {allocation,document model,information retrieval,language model,latent,lda,topic model},
mendeley-groups = {19A Field Exam,25 Temporal IR},
pages = {178},
publisher = {ACM Press},
title = {{LDA-based document models for ad-hoc retrieval}},
url = {http://portal.acm.org/citation.cfm?doid=1148170.1148204},
year = {2006}
}
@article{Yao2009,
author = {Yao, Limin and Mimno, David and Mccallum, Andrew},
file = {:Users/cwillis/Documents/Mendeley Desktop/Yao, Mimno, Mccallum/Unknown/fast-topic-model.pdf:pdf},
isbn = {9781605584959},
keywords = {inference,topic modeling},
mendeley-groups = {25 Temporal IR},
title = {{Efficient Methods for Topic Model Inference on Streaming Document Collections}},
year = {2009}
}
@article{Yi2009,
author = {Yi, Xing and Allan, James},
file = {:Users/cwillis/Documents/Mendeley Desktop/Yi, Allan/Unknown/IR-689.pdf:pdf},
keywords = {evaluation,retrieval,topic model},
mendeley-groups = {25 Temporal IR},
pages = {29--41},
title = {{A Comparative Study of Utilizing Topic Models for Information Retrieval}},
year = {2009}
}
@book{Zhai2008,
author = {Zhai, ChengXiang},
booktitle = {Synthesis Lectures on Human Language Technologies},
doi = {10.2200/S00158ED1V01Y200811HLT001},
file = {:Users/cwillis/Documents/Mendeley Desktop/Zhai/Synthesis Lectures on Human Language Technologies/s00158ed1v01y200811hlt001(2).pdf:pdf},
isbn = {9781598295900},
issn = {1947-4040},
keywords = {Language models,Retrieval models},
mendeley-groups = {06 CS598CXZ,19A Field Exam,24 KBA 2014,25 Temporal IR,26 Field Exam},
mendeley-tags = {Language models,Retrieval models},
month = jan,
pages = {1--141},
publisher = {Morgan \& Claypool},
title = {{Statistical Language Models for Information Retrieval}},
url = {http://www.morganclaypool.com/doi/abs/10.2200/S00158ED1V01Y200811HLT001},
year = {2008}
}
@article{Zhai2004,
author = {Zhai, Chengxiang and Lafferty, John},
doi = {10.1145/984321.984322},
file = {:Users/cwillis/Documents/Mendeley Desktop/Zhai, Lafferty/ACM Transactions on Information Systems/p179-zhai.pdf:pdf},
issn = {10468188},
journal = {ACM Transactions on Information Systems},
keywords = {Language models,Retreival Models,Smoothing},
mendeley-groups = {Book Search,06 CS598CXZ,09 Retrieval Models,19A Field Exam,25 Temporal IR},
mendeley-tags = {Language models,Retreival Models,Smoothing},
month = apr,
number = {2},
pages = {179--214},
title = {{A study of smoothing methods for language models applied to information retrieval}},
url = {http://portal.acm.org/citation.cfm?doid=984321.984322},
volume = {22},
year = {2004}
}
@article{Zhang,
author = {Zhang, Lumin and Jia, Yan and Zhou, Bin},
file = {:Users/cwillis/Documents/Mendeley Desktop/Zhang, Jia, Zhou/Unknown/p781.pdf:pdf},
isbn = {9781450320382},
keywords = {burst,event detection,microblog,sentiment vector},
mendeley-groups = {25 Temporal IR},
title = {{Detecting Real-time Burst Topics in Microblog Streams : How Sentiment C an Help}}
}
@article{Zhang2009,
author = {Zhang, Ruiqiang and Chang, Yi and Zheng, Zhaohui},
file = {:Users/cwillis/Documents/Mendeley Desktop/Zhang, Chang, Zheng/Unknown/p165-zhang.pdf:pdf},
mendeley-groups = {25 Temporal IR},
number = {June},
pages = {165--168},
title = {{Search Result Re-ranking by Feedback Control Adjustment for Time-sensitive Query}},
year = {2009}
}
@article{Zhang2010,
author = {Zhang, Ruiqiang and Konda, Yuki and Dong, Anlei},
file = {:Users/cwillis/Documents/Mendeley Desktop/Zhang, Konda, Dong/Unknown/p1129-zhang.pdf:pdf},
mendeley-groups = {25 Temporal IR},
number = {October},
pages = {1129--1139},
title = {{Learning Recurrent Event Queries for Web Search}},
volume = {25},
year = {2010}
}
@article{Zhang2006,
author = {Zhang, Xin},
file = {:Users/cwillis/Documents/Mendeley Desktop/Zhang/Unknown/zhang\_xin.pdf:pdf},
mendeley-groups = {25 Temporal IR},
number = {September},
title = {{Fast Algorithms for Burst Detection}},
year = {2006}
}
@article{Zhu2003,
address = {New York, New York, USA},
author = {Zhu, Yunyue and Shasha, Dennis},
doi = {10.1145/956755.956789},
file = {:Users/cwillis/Documents/Mendeley Desktop/Zhu, Shasha/Proceedings of the ninth ACM SIGKDD international conference on Knowledge discovery and data mining - KDD '03/p336-zhu.pdf:pdf},
isbn = {1581137370},
journal = {Proceedings of the ninth ACM SIGKDD international conference on Knowledge discovery and data mining - KDD '03},
keywords = {data stream,elastic burst},
mendeley-groups = {25 Temporal IR},
pages = {336},
publisher = {ACM Press},
title = {{Efficient elastic burst detection in data streams}},
url = {http://portal.acm.org/citation.cfm?doid=956750.956789},
year = {2003}
}
@book{,
file = {:Users/cwillis/Documents/Mendeley Desktop/Unknown/Unknown/Temporal Information Processing.pdf:pdf},
isbn = {9787302223900},
mendeley-groups = {25 Temporal IR},
title = {{Temporal Information Processing Technology and Its Applications}}
}
@article{,
file = {:Users/cwillis/Documents/Mendeley Desktop/Unknown/Unknown/synopsis4.pdf:pdf},
mendeley-groups = {25 Temporal IR},
title = {{4 Language in use : temporal variation}}
}
@book{,
file = {:Users/cwillis/Documents/Mendeley Desktop/Unknown/Unknown/Exploratory Analysis of Spatial and Temporal Data.pdf:pdf},
isbn = {9783540259947},
mendeley-groups = {25 Temporal IR},
title = {{No Title}}
}
@article{Barry1998,
author = {Barry, Carol and Schamber, Linda},
file = {:Users/cwillis/Documents/Mendeley Desktop/Barry, Schamber/Information Processing \& Management/1-s2.0-S0306457397000782-main.pdf:pdf},
journal = {Information Processing \& Management},
mendeley-groups = {25 Temporal IR},
number = {2},
pages = {219--236},
title = {{Users' criteria for relevance evaluation: A cross-situational comparison}},
volume = {34},
year = {1998}
}
@book{Krippendorff1980,
address = {Beverly Hills, CA},
author = {Krippendorff, Klaus},
mendeley-groups = {25 Temporal IR},
publisher = {Sage},
title = {{Content analysis: an introduction to its methodology}},
year = {1980}
}
@article{He2007,
address = {New York, New York, USA},
author = {He, Qi and Chang, Kuiyu and Lim, Ee-Peng},
isbn = {9781595935977},
journal = {SIGIR 2007},
keywords = {dft,event detection,feature categorization},
mendeley-groups = {28 Event Detection},
pages = {207},
publisher = {ACM Press},
title = {{Analyzing feature trajectories for event detection}},
year = {2007}
}

